Algorithm,Log Source,Log,P-Value,Min Adaptive Window,Max Adaptive Window,ADWIN Step Size,Detected Changepoints,Actual Changepoints for Log,F1-Score,Average Lag,Duration,Duration (Seconds),Seconds per Case,Window Size,SW Step Size,Complete-Window Size,Detection-Window Size,Stable Period,MRID,Epsilon
Martjushev ADWIN J,without_noise,log_69_1687182027,0.4,300.0,500.0,20.0,[1464],"[1354, 1741, 2389, 2676, 3199]",0.33333333333333337,110.0,00:00:35,35.825725296512246,0.008481469056939452,,,,,,,
Process Graph Metrics,without_noise,log_96_1687182073,0.1,100.0,400.0,,[1817],"[805, 1076, 1645, 1910, 2579, 2949]",0.2857142857142857,93.0,00:00:14,14.566973831504583,0.0035331006139957756,,,,,,,
Earth Mover's Distance,without_noise,log_62_1687182017,,,,,[538],[540],1.0,2.0,00:00:22,22.461998076178133,0.014003739448988861,200.0,2.0,,,,,
Process Graph Metrics,without_noise,log_27_1687181952,0.05,300.0,500.0,,"[732, 1969, 3171]","[605, 944, 1861, 2203, 3080, 3444]",0.6666666666666666,108.66666666666667,00:00:20,20.2707397993654,0.004856430234634739,,,,,,,
LCDD,without_noise,log_47_1687181994,,,,,"[251, 549, 836, 1075, 1443, 1717, 2016, 2230]","[1076, 1388]",0.4,28.0,00:00:00,0.18942553736269474,7.555865072305335e-05,,,200.0,200.0,5.0,,
Process Graph Metrics,without_noise,log_28_1687181955,0.005,400.0,500.0,,[1052],[983],1.0,69.0,00:00:06,6.2410721546038985,0.002734913301754557,,,,,,,
Maaradji Runs,without_noise,log_1_1687181916,,,,,"[1296, 2414, 3580]","[1292, 2437, 3613]",1.0,20.0,00:03:56,236.5787604600191,0.049890080231973666,150.0,2.0,,,,,
Process Graph Metrics,without_noise,log_96_1687182073,0.0001,400.0,400.0,,"[1891, 2741]","[805, 1076, 1645, 1910, 2579, 2949]",0.5,90.5,00:00:12,12.207224110141397,0.0029607625782540376,,,,,,,
Martjushev ADWIN J,without_noise,log_89_1687182057,0.4,300.0,500.0,50.0,"[1155, 1918, 2488, 2902]","[1144, 1943, 2486]",0.8571428571428571,12.666666666666666,00:00:05,5.5538231655955315,0.0017215818864214296,,,,,,,
Martjushev ADWIN J,without_noise,log_64_1687182018,0.4,300.0,500.0,20.0,[299],[1359],,,00:00:36,36.35758436843753,0.018418229163342213,,,,,,,
Martjushev ADWIN J,without_noise,log_29_1687181956,0.4,200.0,500.0,10.0,[],"[516, 766]",,,00:00:15,15.649286057800055,0.010350056916534428,,,,,,,
Process Graph Metrics,without_noise,log_64_1687182018,0.0001,200.0,400.0,,[1380],[1359],1.0,21.0,00:00:24,24.39898162148893,0.012360173060531372,,,,,,,
Process Graph Metrics,without_noise,log_9_1687181928,0.005,200.0,400.0,,"[1197, 2137, 2982]","[1135, 1916, 2696, 2989]",0.5714285714285715,34.5,00:00:08,8.403387974947691,0.0018732474308844607,,,,,,,
LCDD,without_noise,log_38_1687181974,,,,,"[233, 444, 648, 914, 1117, 1318, 1557, 1782, 1998, 2200]","[1060, 1266]",0.33333333333333337,54.5,00:00:00,0.14701410476118326,6.247943253768944e-05,,,200.0,200.0,150.0,,
Process Graph Metrics,without_noise,log_100_1687182078,0.0001,400.0,500.0,,[1256],[1133],1.0,123.0,00:00:06,6.105582634918392,0.0025740230332708227,,,,,,,
Martjushev J,without_noise,log_55_1687182006,0.55,,,,"[292, 1269, 1532, 2133]","[1185, 1392]",0.6666666666666666,112.0,00:00:22,22.157238855026662,0.008051322258367246,100.0,,,,,,
Process Graph Metrics,without_noise,log_78_1687182040,0.0001,400.0,500.0,,[848],[743],1.0,105.0,00:00:06,6.6996769439429045,0.00299627770301561,,,,,,,
Martjushev ADWIN J,without_noise,log_36_1687181970,0.4,100.0,500.0,50.0,"[749, 1450, 2301, 3002]","[754, 1601, 2593]",0.5714285714285715,78.0,00:00:54,54.69046273548156,0.014849433270562465,,,,,,,
Martjushev ADWIN J,without_noise,log_70_1687182031,0.4,200.0,400.0,50.0,[],[608],,,00:00:08,8.537358667701483,0.0058037788359629385,,,,,,,
Martjushev ADWIN J,without_noise,log_96_1687182073,0.4,100.0,400.0,10.0,"[836, 937, 1678, 1812, 2656, 2804]","[805, 1076, 1645, 1910, 2579, 2949]",1.0,87.16666666666667,00:00:11,11.406388763338327,0.002766526500930955,,,,,,,
Process Graph Metrics,without_noise,log_84_1687182047,0.05,100.0,500.0,,"[312, 1502]",[1338],0.6666666666666666,164.0,00:00:01,1.6721882997080684,0.0006560173792499287,,,,,,,
LCDD,without_noise,log_100_1687182078,,,,,[1133],[1133],1.0,0.0,00:00:00,0.029809555038809776,1.2567266036597713e-05,,,200.0,200.0,150.0,,
Maaradji Runs,without_noise,log_52_1687182004,,,,,[1404],"[1221, 1560]",0.6666666666666666,156.0,00:00:01,1.4440189972519875,0.0004906622484716234,300.0,2.0,,,,,
LCDD,without_noise,log_84_1687182047,,,,,"[206, 413, 654, 856, 1071, 1295, 1507, 1763, 2006, 2309, 2523]",[1338],0.16666666666666669,43.0,00:00:00,0.04390777833759785,1.7225491697762986e-05,,,200.0,200.0,200.0,,
Process Graph Metrics,without_noise,log_18_1687181937,0.005,100.0,500.0,,[1207],"[1013, 1325]",0.6666666666666666,118.0,00:00:18,18.49654649849981,0.008766135781279532,,,,,,,
Process Graph Metrics,without_noise,log_33_1687181967,0.005,100.0,400.0,,[1067],[987],1.0,80.0,00:00:06,6.614908981136978,0.004326297567780888,,,,,,,
Martjushev ADWIN J,without_noise,log_95_1687182068,0.4,200.0,500.0,20.0,[],"[561, 936, 2338, 2712, 4212]",,,00:01:55,115.99955380056053,0.02056365073578453,,,,,,,
LCDD,without_noise,log_91_1687182059,,,,,"[807, 2360, 3407]","[806, 1021, 2361, 2754, 3407, 3685]",0.6666666666666666,0.6666666666666666,00:00:00,0.546602226793766,0.00010630148323488254,,,200.0,200.0,5.0,,
Process Graph Metrics,without_noise,log_49_1687181999,0.0001,100.0,500.0,,[],"[605, 889]",,,00:00:10,10.901502452790737,0.00592472959390801,,,,,,,
Process Graph Metrics,without_noise,log_33_1687181967,0.1,400.0,500.0,,[1046],[987],1.0,59.0,00:00:04,4.40268624573946,0.0028794547061736166,,,,,,,
Martjushev ADWIN J,without_noise,log_78_1687182040,0.4,300.0,400.0,10.0,[742],[743],1.0,1.0,00:00:03,3.811461522243917,0.0017045892317727714,,,,,,,
LCDD,without_noise,log_63_1687182017,,,,,"[803, 1103, 1762, 2683, 2983]","[727, 968, 1760, 2588, 2871]",1.0,84.0,00:00:00,0.08941157255321741,2.105287792635211e-05,,,300.0,300.0,150.0,,
LCDD,without_noise,log_31_1687181960,,,,,"[487, 1042, 1867, 2264, 3337, 3637, 3937]","[1043, 1868, 2070, 3338, 3677]",0.8333333333333333,47.4,00:00:00,0.3139898395165801,7.290221488659859e-05,,,300.0,300.0,100.0,,
Martjushev ADWIN J,without_noise,log_87_1687182053,0.4,200.0,500.0,20.0,"[1391, 1760, 2938, 3572]","[1385, 2862, 3527, 3777]",0.75,42.333333333333336,00:00:28,28.810397264547646,0.006297354593343748,,,,,,,
LCDD,without_noise,log_84_1687182047,,,,,"[374, 710, 1034, 1337, 1763, 2086, 2413]",[1338],0.25,1.0,00:00:00,0.035993969067931175,1.412081956372349e-05,,,300.0,300.0,5.0,,
Process Graph Metrics,without_noise,log_49_1687181999,0.0001,100.0,400.0,,[743],"[605, 889]",0.6666666666666666,138.0,00:00:02,2.57520567253232,0.0013995683002893044,,,,,,,
Process Graph Metrics,without_noise,log_21_1687181940,0.005,400.0,500.0,,[760],[668],1.0,92.0,00:00:03,3.7297711484134197,0.0020226524666016378,,,,,,,
Process Graph Metrics,without_noise,log_30_1687181956,0.005,200.0,500.0,,[3148],"[949, 1861, 2912]",,,00:00:05,5.910225614905357,0.0014694742951032714,,,,,,,
LCDD,without_noise,log_43_1687181986,,,,,"[101, 208, 379, 480, 590, 691, 792, 895, 1011, 1125, 1238, 1354, 1480, 1617, 1723, 1877, 1978, 2081, 2186, 2294, 2404, 2506, 2607, 2707, 2816, 2928, 3029, 3134, 3249, 3349, 3449, 3553, 3657, 3757, 3865, 3971, 4090, 4203]","[979, 1204, 2415, 2632, 3669]",0.23255813953488372,22.8,00:00:00,0.24031763337552547,5.596591368782615e-05,,,100.0,100.0,50.0,,
Process Graph Metrics,without_noise,log_15_1687181933,0.005,200.0,400.0,,[1238],"[957, 1345]",0.6666666666666666,107.0,00:00:04,4.688303312286735,0.0017833028955065555,,,,,,,
Bose J,without_noise,log_35_1687181968,,,,,"[1000, 4512]","[842, 1057, 2418, 2651, 3788, 4180]",0.25,57.0,00:01:18,78.42151941265911,0.013966432664765648,100.0,2.0,,,,,
Bose WC,without_noise,log_35_1687181968,,,,,[],"[842, 1057, 2418, 2651, 3788, 4180]",,,00:01:07,67.51719500962645,0.012024433661554132,100.0,2.0,,,,,
Martjushev J,without_noise,log_41_1687181983,0.55,,,,"[574, 764, 2356, 2568, 3207, 3419]","[601, 890, 2386, 2718, 3227, 3580]",1.0,85.66666666666667,00:01:51,111.8506537405774,0.02336062108199194,100.0,,,,,,
LCDD,without_noise,log_69_1687182027,,,,,[1353],"[1354, 1741, 2389, 2676, 3199]",0.33333333333333337,1.0,00:00:00,0.257215803489089,6.089389287146994e-05,,,100.0,100.0,100.0,,
Process Graph Metrics,without_noise,log_92_1687182064,0.05,100.0,500.0,,"[1083, 2054]",[1041],0.6666666666666666,42.0,00:00:29,29.06169027183205,0.012956616260290705,,,,,,,
Process Graph Metrics,without_noise,log_88_1687182055,0.0001,400.0,400.0,,"[1512, 3465]","[1401, 1950, 2206, 3218, 3462]",0.5714285714285715,57.0,00:00:10,10.661646079272032,0.0025044975520958496,,,,,,,
Martjushev ADWIN J,without_noise,log_23_1687181942,0.4,200.0,500.0,20.0,"[809, 2641, 4046]","[859, 1255, 2629, 4001, 4377]",0.7499999999999999,35.666666666666664,00:01:52,112.72930220514536,0.02032990120922369,,,,,,,
Process Graph Metrics,without_noise,log_66_1687182022,0.1,100.0,400.0,,"[150, 1061, 1611]","[846, 1221]",0.4,160.0,00:00:05,5.329329236410558,0.003080537130873155,,,,,,,
Maaradji Runs,without_noise,log_78_1687182040,,,,,[662],[743],1.0,81.0,00:00:00,0.5597041780129075,0.0002503149275549676,250.0,2.0,,,,,
Martjushev ADWIN J,without_noise,log_56_1687182007,0.4,400.0,500.0,10.0,"[1069, 1660]","[999, 1336]",0.5,70.0,00:00:19,19.37123714759946,0.007190511190645679,,,,,,,
Bose J,without_noise,log_50_1687182000,,,,,"[3706, 4410]","[1406, 1636, 2269, 2506, 3766]",0.28571428571428575,60.0,00:05:58,358.5788140753284,0.06833977779213425,200.0,2.0,,,,,
Bose WC,without_noise,log_50_1687182000,,,,,[],"[1406, 1636, 2269, 2506, 3766]",,,00:05:54,354.8477422017604,0.06762869110001152,200.0,2.0,,,,,
Martjushev ADWIN J,without_noise,log_79_1687182041,0.4,100.0,400.0,10.0,[],[532],,,00:00:14,14.141602308489382,0.007719215233891584,,,,,,,
Process Graph Metrics,without_noise,log_18_1687181937,0.005,200.0,500.0,,[1207],"[1013, 1325]",0.6666666666666666,118.0,00:00:16,16.444965834729373,0.007793822670487855,,,,,,,
LCDD,without_noise,log_71_1687182031,,,,,"[939, 1039, 1151, 1251, 1960, 2096, 2196, 3302, 3467]","[940, 1158, 1961, 2167, 3303, 3626]",0.8,33.0,00:00:00,0.15500152856111526,3.436079107983047e-05,,,100.0,100.0,5.0,,
LCDD,without_noise,log_46_1687181991,,,,,[808],"[808, 1008, 2422, 3892]",0.4,0.0,00:00:00,0.16528857871890068,3.571490464971925e-05,,,200.0,200.0,10.0,,
LCDD,without_noise,log_49_1687181999,,,,,[604],"[605, 889]",0.6666666666666666,1.0,00:00:00,0.05857665091753006,3.1835136368222855e-05,,,200.0,200.0,200.0,,
Martjushev J,without_noise,log_60_1687182015,0.55,,,,"[693, 1600]",[694],0.6666666666666666,1.0,00:03:24,204.26171353273094,0.09612315930952044,200.0,,,,,,
LCDD,without_noise,log_35_1687181968,,,,,[3787],"[842, 1057, 2418, 2651, 3788, 4180]",0.2857142857142857,1.0,00:00:00,0.10120915714651346,1.8024783107126172e-05,,,200.0,200.0,150.0,,
Process Graph Metrics,without_noise,log_18_1687181937,0.0001,200.0,400.0,,[1182],"[1013, 1325]",0.6666666666666666,143.0,00:00:03,3.8109296578913927,0.0018061277999485274,,,,,,,
Martjushev ADWIN J,without_noise,log_22_1687181941,0.4,300.0,400.0,10.0,"[1219, 1457, 2578, 3544, 3773]","[1159, 1512, 2578, 3506, 3838]",1.0,43.6,00:00:06,6.183298679068685,0.0013181195222913419,,,,,,,
Process Graph Metrics,without_noise,log_72_1687182033,0.005,300.0,500.0,,"[723, 969]","[661, 974]",1.0,33.5,00:00:04,4.121309222653508,0.002722132907961366,,,,,,,
Martjushev ADWIN J,without_noise,log_91_1687182059,0.4,200.0,400.0,10.0,[],"[806, 1021, 2361, 2754, 3407, 3685]",,,00:02:54,174.8306662403047,0.034000518522035145,,,,,,,
LCDD,without_noise,log_29_1687181956,,,,,"[562, 762, 979, 1280]","[516, 766]",0.6666666666666666,25.0,00:00:00,0.025754978880286217,1.7033716190665486e-05,,,200.0,200.0,150.0,,
Bose J,without_noise,log_93_1687182065,,,,,"[804, 1016, 1832, 3130]","[761, 990, 1771, 2107, 2887, 3146]",0.8,36.5,00:02:47,167.53102714102715,0.03887030792135201,300.0,2.0,,,,,
Bose WC,without_noise,log_93_1687182065,,,,,"[792, 1834, 3034]","[761, 990, 1771, 2107, 2887, 3146]",0.6666666666666666,68.66666666666667,00:02:44,164.30560115724802,0.03812194922441949,300.0,2.0,,,,,
Process Graph Metrics,without_noise,log_2_1687181920,0.0001,200.0,400.0,,[1175],[1011],1.0,164.0,00:00:01,1.1238386360928416,0.0007181077546919116,,,,,,,
Martjushev ADWIN J,without_noise,log_80_1687182042,0.4,300.0,500.0,20.0,[],[981],,,00:00:32,32.40167496819049,0.015291021693341431,,,,,,,
Process Graph Metrics,without_noise,log_24_1687181949,0.05,300.0,500.0,,[1165],"[994, 1238]",0.6666666666666666,73.0,00:00:07,7.211675243452191,0.002997371256630171,,,,,,,
Martjushev ADWIN J,without_noise,log_86_1687182053,0.4,400.0,400.0,50.0,[],[931],,,00:00:08,8.570863098837435,0.004991766510679927,,,,,,,
Martjushev ADWIN J,without_noise,log_39_1687181976,0.4,300.0,400.0,10.0,"[1899, 3310]","[706, 972, 2184, 3059, 3368]",0.28571428571428575,58.0,00:01:59,119.34248127695173,0.02844874404694916,,,,,,,
Martjushev ADWIN J,without_noise,log_67_1687182023,0.4,200.0,500.0,50.0,[],"[933, 1145, 2289, 3129]",,,00:00:06,6.257164428010583,0.0014076860355479376,,,,,,,
LCDD,without_noise,log_67_1687182023,,,,,"[935, 3128]","[933, 1145, 2289, 3129]",0.6666666666666666,1.5,00:00:00,0.07826077286154032,1.7606473084710983e-05,,,200.0,200.0,100.0,,
LCDD,without_noise,log_82_1687182044,,,,,[641],[642],1.0,1.0,00:00:00,0.09851589612662792,4.8150486865409545e-05,,,200.0,200.0,10.0,,
Process Graph Metrics,without_noise,log_58_1687182010,0.005,400.0,400.0,,[697],[566],1.0,131.0,00:00:03,3.1942265816032887,0.001928880785992324,,,,,,,
Process Graph Metrics,without_noise,log_18_1687181937,0.05,400.0,500.0,,"[1205, 1745, 2249]","[1013, 1325]",0.4,120.0,00:00:19,19.301862549968064,0.009147802156382969,,,,,,,
LCDD,without_noise,log_38_1687181974,,,,,"[105, 225, 332, 438, 546, 648, 754, 876, 978, 1082, 1194, 1315, 1419, 1557, 1661, 1782, 1884, 1996, 2103, 2239, 2350]","[1060, 1266]",0.17391304347826084,35.5,00:00:00,0.12791132647544146,5.436095472819441e-05,,,100.0,100.0,20.0,,
Martjushev ADWIN J,without_noise,log_4_1687181921,0.4,400.0,400.0,10.0,[],"[1313, 1543]",,,00:00:06,6.476909128949046,0.002458030029961687,,,,,,,
Process Graph Metrics,without_noise,log_58_1687182010,0.1,100.0,400.0,,[653],[566],1.0,87.0,00:00:03,3.572153052315116,0.0021570972538134756,,,,,,,
Process Graph Metrics,without_noise,log_76_1687182037,0.0001,400.0,400.0,,"[1115, 1800]","[1056, 1741, 2740]",0.8,59.0,00:00:18,18.22660620510578,0.005568776720166753,,,,,,,
Martjushev ADWIN J,without_noise,log_80_1687182042,0.4,200.0,500.0,50.0,[],[981],,,00:00:28,28.048079353757203,0.013236469728059086,,,,,,,
Martjushev ADWIN J,without_noise,log_55_1687182006,0.4,400.0,400.0,50.0,"[299, 1200]","[1185, 1392]",0.5,15.0,00:00:02,2.2971364576369524,0.000834715282571567,,,,,,,
Process Graph Metrics,without_noise,log_30_1687181956,0.1,100.0,400.0,,"[992, 1953, 2933]","[949, 1861, 2912]",1.0,52.0,00:00:15,15.232418521307409,0.003787274619917307,,,,,,,
Process Graph Metrics,without_noise,log_72_1687182033,0.1,100.0,500.0,,[848],"[661, 974]",0.6666666666666666,126.0,00:00:22,22.597796478308737,0.014925889351590976,,,,,,,
Zheng DBSCAN,without_noise,log_46_1687181991,,,,,"[808.0, 2418.0, 3893.0]","[808, 1008, 2422, 3892]",0.8571428571428571,1.6666666666666667,00:00:02,2.090666458941996,0.00045174296865643825,,,,,,300.0,30.0
Zheng DBSCAN,without_noise,log_46_1687181991,,,,,"[808.0, 2418.0, 3893.0]","[808, 1008, 2422, 3892]",0.8571428571428571,1.6666666666666667,00:00:02,2.090666458941996,0.00045174296865643825,,,,,,300.0,60.0
Zheng DBSCAN,without_noise,log_46_1687181991,,,,,"[808.0, 2418.0, 3893.0]","[808, 1008, 2422, 3892]",0.8571428571428571,1.6666666666666667,00:00:02,2.090666458941996,0.00045174296865643825,,,,,,300.0,90.0
Zheng DBSCAN,without_noise,log_46_1687181991,,,,,"[808.0, 2418.0, 3893.0]","[808, 1008, 2422, 3892]",0.8571428571428571,1.6666666666666667,00:00:02,2.090666458941996,0.00045174296865643825,,,,,,300.0,120.0
Zheng DBSCAN,without_noise,log_46_1687181991,,,,,"[808.0, 2418.0, 3893.0]","[808, 1008, 2422, 3892]",0.8571428571428571,1.6666666666666667,00:00:02,2.090666458941996,0.00045174296865643825,,,,,,300.0,150.0
LCDD,without_noise,log_39_1687181976,,,,,"[494, 936, 1304, 1798, 2098, 2420, 2787, 3144, 3444, 3789]","[706, 972, 2184, 3059, 3368]",0.5333333333333333,70.75,00:00:00,0.2709087245166302,6.45789569765507e-05,,,300.0,300.0,200.0,,
Maaradji Runs,without_noise,log_11_1687181931,,,,,[916],[1012],1.0,96.0,00:00:00,0.33934440556913614,0.000200203189126334,300.0,2.0,,,,,
Process Graph Metrics,without_noise,log_9_1687181928,0.05,400.0,400.0,,"[1186, 2126, 2944]","[1135, 1916, 2696, 2989]",0.5714285714285715,48.0,00:00:05,5.21339684445411,0.001162148204292044,,,,,,,
LCDD,without_noise,log_1_1687181916,,,,,"[1291, 2436]","[1292, 2437, 3613]",0.8,1.0,00:00:00,0.3261626772582531,6.878166960317443e-05,,,300.0,300.0,10.0,,
LCDD,without_noise,log_58_1687182010,,,,,[566],[566],1.0,0.0,00:00:00,0.03611699026077986,2.180977672752407e-05,,,100.0,100.0,20.0,,
Process Graph Metrics,without_noise,log_59_1687182010,0.005,400.0,500.0,,"[1070, 2218, 3204]","[788, 1187, 2051, 3036, 3241]",0.7499999999999999,107.0,00:00:32,32.67135911155492,0.008455320681044234,,,,,,,
Process Graph Metrics,without_noise,log_81_1687182043,0.1,400.0,500.0,,[876],"[751, 1119]",0.6666666666666666,125.0,00:00:07,7.522516953758895,0.004092773097801357,,,,,,,
Martjushev ADWIN J,without_noise,log_18_1687181937,0.4,300.0,500.0,10.0,[],"[1013, 1325]",,,00:00:38,38.54917562752962,0.018269751482241525,,,,,,,
Martjushev ADWIN J,without_noise,log_73_1687182035,0.4,300.0,400.0,50.0,"[1499, 2450]","[1478, 2417, 2951, 3283]",0.6666666666666666,27.0,00:00:09,9.302584672346711,0.002089529351380663,,,,,,,
Maaradji Runs,without_noise,log_40_1687181982,,,,,"[1192, 2102, 3430]","[1205, 2115, 3442]",1.0,12.666666666666666,00:00:01,1.6213681427761912,0.0003607048148556599,50.0,2.0,,,,,
LCDD,without_noise,log_25_1687181949,,,,,"[200, 423, 674, 927, 1127, 1327, 1585, 1786]","[783, 1163]",0.4,72.5,00:00:00,0.0992236752063036,5.521629115542771e-05,,,200.0,200.0,20.0,,
Process Graph Metrics,without_noise,log_26_1687181951,0.0001,300.0,400.0,,[1512],"[1394, 1683]",0.6666666666666666,118.0,00:00:03,3.2505002757534385,0.0011985620485816513,,,,,,,
Process Graph Metrics,without_noise,log_42_1687181985,0.05,200.0,400.0,,[1650],"[1494, 1841]",0.6666666666666666,156.0,00:00:02,2.276766359806061,0.0008872822914287065,,,,,,,
Maaradji Runs,without_noise,log_70_1687182031,,,,,[598],[608],1.0,10.0,00:00:08,8.160878717899323,0.005547844131814631,150.0,2.0,,,,,
Process Graph Metrics,without_noise,log_4_1687181921,0.1,100.0,400.0,,[],"[1313, 1543]",,,00:00:01,1.2662139823660254,0.0004805366156986814,,,,,,,
LCDD,without_noise,log_59_1687182010,,,,,"[220, 426, 658, 912, 1112, 1312, 2050, 2269, 2486, 2715, 2936, 3162, 3362]","[788, 1187, 2051, 3036, 3241]",0.5555555555555556,75.8,00:00:00,0.3037847299128771,7.861923651989572e-05,,,200.0,200.0,5.0,,
Martjushev ADWIN J,without_noise,log_18_1687181937,0.4,300.0,400.0,20.0,[],"[1013, 1325]",,,00:00:36,36.62316903937608,0.01735695215136307,,,,,,,
LCDD,without_noise,log_28_1687181955,,,,,[982],[983],1.0,1.0,00:00:00,0.037839592434465885,1.658176706155385e-05,,,200.0,200.0,20.0,,
Process Graph Metrics,without_noise,log_21_1687181940,0.005,300.0,400.0,,[850],[668],1.0,182.0,00:00:02,2.938493142835796,0.0015935429191083492,,,,,,,
Process Graph Metrics,without_noise,log_25_1687181949,0.0001,100.0,500.0,,"[950, 1447]","[783, 1163]",0.5,167.0,00:00:08,8.92393553070724,0.0049660186592694715,,,,,,,
LCDD,without_noise,log_48_1687181998,,,,,"[300, 652, 1005, 1305, 1642, 2361, 2810, 3139, 3479, 3814]","[1144, 2359, 2666, 3482, 3756]",0.6666666666666666,69.2,00:00:00,0.14304189011454582,3.332756060450742e-05,,,300.0,300.0,20.0,,
LCDD,without_noise,log_12_1687181931,,,,,[],"[969, 1263]",,,00:00:00,0.02651067730039358,1.4935592845292159e-05,,,200.0,200.0,10.0,,
Process Graph Metrics,without_noise,log_22_1687181941,0.0001,100.0,400.0,,"[1340, 3658]","[1159, 1512, 2578, 3506, 3838]",0.5714285714285715,162.0,00:00:03,3.177813938818872,0.0006774278275034901,,,,,,,
LCDD,without_noise,log_55_1687182006,,,,,[1184],"[1185, 1392]",0.6666666666666666,1.0,00:00:00,0.046797861345112324,1.7005036825985584e-05,,,300.0,300.0,200.0,,
Process Graph Metrics,without_noise,log_85_1687182048,0.0001,400.0,400.0,,[1460],"[1308, 1543]",0.6666666666666666,83.0,00:00:38,38.19880537036806,0.014771386454125315,,,,,,,
Martjushev ADWIN J,without_noise,log_3_1687181920,0.4,300.0,500.0,10.0,[],"[1041, 1298]",,,00:00:44,44.24987672828138,0.019510527657972388,,,,,,,
Process Graph Metrics,without_noise,log_87_1687182053,0.05,200.0,500.0,,"[1423, 3083, 3698]","[1385, 2862, 3527, 3777]",0.5714285714285715,58.5,00:00:08,8.223006265237927,0.0017973784186312409,,,,,,,
LCDD,without_noise,log_16_1687181934,,,,,"[1230, 1340, 1440, 1561, 1664, 1781, 2784, 2888]","[1218, 1793, 2771]",0.5454545454545454,12.333333333333334,00:00:00,0.06341102160513401,1.5711353222282955e-05,,,100.0,100.0,50.0,,
Martjushev ADWIN J,without_noise,log_16_1687181934,0.4,200.0,400.0,20.0,[],"[1218, 1793, 2771]",,,00:00:35,35.87869649846107,0.008889667120530492,,,,,,,
Martjushev ADWIN J,without_noise,log_65_1687182020,0.4,200.0,500.0,50.0,"[849, 1500]","[909, 1496, 2099, 2410]",0.6666666666666666,32.0,00:00:14,14.310399791225791,0.004678130039629223,,,,,,,
Process Graph Metrics,without_noise,log_15_1687181933,0.05,400.0,500.0,,[1148],"[957, 1345]",0.6666666666666666,191.0,00:00:05,5.613211056217551,0.002135112611722157,,,,,,,
Martjushev ADWIN J,without_noise,log_8_1687181927,0.4,300.0,500.0,20.0,[],"[778, 1133]",,,00:00:37,37.976053710095584,0.016692770861580476,,,,,,,
Martjushev ADWIN J,without_noise,log_42_1687181985,0.4,100.0,400.0,20.0,"[1529, 1765]","[1494, 1841]",1.0,55.5,00:00:09,9.902298531495035,0.0038590407371375817,,,,,,,
Process Graph Metrics,without_noise,log_64_1687182018,0.05,200.0,500.0,,"[432, 876, 1372]",[1359],0.5,13.0,00:00:13,13.415882100351155,0.006796292857320747,,,,,,,
Process Graph Metrics,without_noise,log_56_1687182007,0.005,100.0,400.0,,[1327],"[999, 1336]",0.6666666666666666,9.0,00:00:10,10.942452235147357,0.00406178627882233,,,,,,,
Martjushev ADWIN J,without_noise,log_15_1687181933,0.4,400.0,400.0,10.0,"[1011, 1250]","[957, 1345]",1.0,74.5,00:00:03,3.1706034392118454,0.0012060111978744181,,,,,,,
Process Graph Metrics,without_noise,log_45_1687181991,0.05,400.0,500.0,,[611],[546],1.0,65.0,00:00:01,1.0565081043168902,0.0007689287513223364,,,,,,,
Zheng DBSCAN,without_noise,log_65_1687182020,,,,,"[304.0, 429.5, 594.0, 630.0, 668.0, 707.5, 911.6153846153846, 982.0, 1070.0, 1239.0, 1274.0, 1308.5, 1490.9, 1650.5, 1743.0, 2003.0, 2115.6666666666665, 2357.0, 2408.5, 2540.6666666666665, 3050.0]","[909, 1496, 2099, 2410]",0.32,6.470512820512766,00:00:00,0.8035722700878978,0.0002626911638077469,,,,,,300.0,30.0
Zheng DBSCAN,without_noise,log_65_1687182020,,,,,"[304.0, 429.5, 661.4, 921.0, 1070.0, 1282.5, 1490.9, 1650.5, 1743.0, 2099.5714285714284, 2382.75, 2540.6666666666665, 3050.0]","[909, 1496, 2099, 2410]",0.47058823529411764,11.230357142857088,00:00:00,0.8035722700878978,0.0002626911638077469,,,,,,300.0,60.0
Zheng DBSCAN,without_noise,log_65_1687182020,,,,,"[304.0, 429.5, 661.4, 930.3125, 1282.5, 1490.9, 1696.75, 2099.5714285714284, 2382.75, 2540.6666666666665, 3050.0]","[909, 1496, 2099, 2410]",0.5333333333333333,13.558482142857088,00:00:00,0.8035722700878978,0.0002626911638077469,,,,,,300.0,90.0
Zheng DBSCAN,without_noise,log_65_1687182020,,,,,"[304.0, 429.5, 661.4, 930.3125, 1282.5, 1490.9, 1696.75, 2099.5714285714284, 2382.75, 2540.6666666666665, 3050.0]","[909, 1496, 2099, 2410]",0.5333333333333333,13.558482142857088,00:00:00,0.8035722700878978,0.0002626911638077469,,,,,,300.0,120.0
Zheng DBSCAN,without_noise,log_65_1687182020,,,,,"[329.5, 661.4, 930.3125, 1282.5, 1549.7142857142858, 2099.5714285714284, 2450.4285714285716, 3050.0]","[909, 1496, 2099, 2410]",0.6666666666666666,29.006696428571445,00:00:00,0.8035722700878978,0.0002626911638077469,,,,,,300.0,150.0
LCDD,without_noise,log_79_1687182041,,,,,"[125, 239, 343, 451, 556, 698, 808, 925, 1031, 1153, 1259, 1374, 1480, 1581, 1682, 1826]",[532],0.11764705882352941,24.0,00:00:00,0.06360486894845963,3.4718814928198486e-05,,,100.0,100.0,150.0,,
Process Graph Metrics,without_noise,log_87_1687182053,0.1,200.0,400.0,,"[1423, 3613]","[1385, 2862, 3527, 3777]",0.6666666666666666,62.0,00:01:01,61.91912966221571,0.01353423599174114,,,,,,,
LCDD,without_noise,log_81_1687182043,,,,,[750],"[751, 1119]",0.6666666666666666,1.0,00:00:00,0.03875112999230623,2.108331337992722e-05,,,200.0,200.0,200.0,,
LCDD,without_noise,log_33_1687181967,,,,,[986],[987],1.0,1.0,00:00:00,0.03396016079932451,2.2210700326569335e-05,,,100.0,100.0,20.0,,
Process Graph Metrics,without_noise,log_74_1687182036,0.0001,400.0,500.0,,[914],[839],1.0,75.0,00:00:02,2.4485512357205153,0.0017452253996582433,,,,,,,
LCDD,without_noise,log_68_1687182024,,,,,"[311, 667, 979, 1288, 1706, 2037, 2498, 2800, 3186, 3757, 4100]","[896, 1272, 1818, 2030, 2923, 3240]",0.7058823529411764,65.83333333333333,00:00:00,0.13835125043988228,3.062901271637863e-05,,,300.0,300.0,50.0,,
Maaradji Runs,without_noise,log_81_1687182043,,,,,[],"[751, 1119]",,,00:00:00,0.26242165733128786,0.00014277565687230025,50.0,2.0,,,,,
Martjushev ADWIN J,without_noise,log_6_1687181923,0.4,300.0,400.0,10.0,[],"[923, 1989, 3141]",,,00:00:50,50.738467833958566,0.011528849769133962,,,,,,,
Martjushev ADWIN J,without_noise,log_34_1687181968,0.4,100.0,400.0,20.0,[],"[1087, 1302]",,,00:00:31,31.478389266878366,0.011833980927397882,,,,,,,
Zheng DBSCAN,without_noise,log_87_1687182053,,,,,"[364.5, 399.0, 489.0, 525.0, 566.5, 651.0, 752.5, 794.5, 884.0, 937.5, 1035.3333333333333, 1308.5, 1388.8823529411766, 1521.6666666666667, 1616.0, 1704.0, 1754.0, 1808.5, 1878.0, 1991.0, 2037.0, 2123.0, 2212.0, 2316.6666666666665, 2385.6666666666665, 2561.0, 2699.0, 2738.6666666666665, 2853.4285714285716, 2928.0, 2966.0, 3012.5, 3064.0, 3137.0, 3282.0, 3337.5, 3437.0, 3528.8333333333335, 3621.6666666666665, 3705.8571428571427, 3768.0, 3853.0, 3940.0, 4055.0, 4154.5, 4191.5, 4292.0, 4402.0, 4552.0]","[1385, 2862, 3527, 3777]",0.15094339622641506,5.821778711484626,00:00:01,1.3299025055021048,0.0002906890722408972,,,,,,300.0,30.0
Zheng DBSCAN,without_noise,log_87_1687182053,,,,,"[376.0, 536.75, 651.0, 773.5, 919.6666666666666, 1035.3333333333333, 1380.421052631579, 1521.6666666666667, 1616.0, 1772.6666666666667, 1878.0, 2021.6666666666667, 2123.0, 2212.0, 2351.1666666666665, 2561.0, 2718.8333333333335, 2896.4285714285716, 3137.0, 3319.0, 3437.0, 3638.5, 3853.0, 3940.0, 4055.0, 4173.0, 4292.0, 4402.0, 4552.0]","[1385, 2862, 3527, 3777]",0.2424242424242424,51.25187969924815,00:00:01,1.3299025055021048,0.0002906890722408972,,,,,,300.0,60.0
Zheng DBSCAN,without_noise,log_87_1687182053,,,,,"[447.2, 895.9, 1380.421052631579, 1715.2142857142858, 2105.0, 2351.1666666666665, 2561.0, 2866.964285714286, 3319.0, 3648.6451612903224, 4114.0, 4292.0, 4402.0, 4552.0]","[1385, 2862, 3527, 3777]",0.3333333333333333,43.729464791009754,00:00:01,1.3299025055021048,0.0002906890722408972,,,,,,300.0,90.0
Zheng DBSCAN,without_noise,log_87_1687182053,,,,,"[671.55, 1719.195652173913, 2561.0, 2866.964285714286, 3742.5227272727275, 4552.0]","[1385, 2862, 3527, 3777]",0.4,19.72077922077915,00:00:01,1.3299025055021048,0.0002906890722408972,,,,,,300.0,120.0
Zheng DBSCAN,without_noise,log_87_1687182053,,,,,"[620.4090909090909, 1719.195652173913, 3399.12987012987]","[1385, 2862, 3527, 3777]",0.28571428571428575,127.87012987012986,00:00:01,1.3299025055021048,0.0002906890722408972,,,,,,300.0,150.0
Martjushev J,without_noise,log_69_1687182027,0.55,,,,"[995, 1282, 1482, 1912, 2606, 2986, 3186]","[1354, 1741, 2389, 2676, 3199]",0.6666666666666666,81.5,00:04:15,255.749688224867,0.060546801189599195,100.0,,,,,,
Zheng DBSCAN,without_noise,log_5_1687181922,,,,,"[731.0, 936.5]","[689, 980]",1.0,42.75,00:00:00,0.7762634828686714,0.00045743281253310045,,,,,,500.0,50.0
Zheng DBSCAN,without_noise,log_5_1687181922,,,,,[861.7727272727273],"[689, 980]",0.6666666666666666,118.22727272727275,00:00:00,0.7762634828686714,0.00045743281253310045,,,,,,500.0,100.0
Zheng DBSCAN,without_noise,log_5_1687181922,,,,,[861.7727272727273],"[689, 980]",0.6666666666666666,118.22727272727275,00:00:00,0.7762634828686714,0.00045743281253310045,,,,,,500.0,150.0
Zheng DBSCAN,without_noise,log_5_1687181922,,,,,[861.7727272727273],"[689, 980]",0.6666666666666666,118.22727272727275,00:00:00,0.7762634828686714,0.00045743281253310045,,,,,,500.0,200.0
Zheng DBSCAN,without_noise,log_5_1687181922,,,,,[861.7727272727273],"[689, 980]",0.6666666666666666,118.22727272727275,00:00:00,0.7762634828686714,0.00045743281253310045,,,,,,500.0,250.0
Martjushev ADWIN J,without_noise,log_50_1687182000,0.4,300.0,500.0,20.0,[],"[1406, 1636, 2269, 2506, 3766]",,,00:01:16,76.9332182854414,0.014662324811404878,,,,,,,
Maaradji Runs,without_noise,log_64_1687182018,,,,,[1322],[1359],1.0,37.0,00:32:39,1959.3553819954395,0.9925812472114689,150.0,2.0,,,,,
Earth Mover's Distance,without_noise,log_29_1687181956,,,,,[672],"[516, 766]",0.6666666666666666,94.0,00:00:02,2.932887532748282,0.0019397404317118268,100.0,2.0,,,,,
Process Graph Metrics,without_noise,log_94_1687182067,0.1,300.0,400.0,,"[744, 3116]","[517, 868, 1998, 2959, 3215]",0.5714285714285715,111.5,00:00:06,6.469478064216673,0.0015197270529050207,,,,,,,
Process Graph Metrics,without_noise,log_35_1687181968,0.0001,300.0,500.0,,[1124],"[842, 1057, 2418, 2651, 3788, 4180]",0.2857142857142857,67.0,00:00:11,11.17802241910249,0.001990743084434994,,,,,,,
Process Graph Metrics,without_noise,log_76_1687182037,0.05,200.0,500.0,,"[1126, 1851]","[1056, 1741, 2740]",0.8,90.0,00:00:13,13.522500036284328,0.0041315307168604725,,,,,,,
Earth Mover's Distance,without_noise,log_61_1687182016,,,,,[1312],"[1128, 1415]",0.6666666666666666,103.0,00:00:00,0.4045292716473341,0.0001574043858549938,300.0,2.0,,,,,
Martjushev ADWIN J,without_noise,log_5_1687181922,0.4,400.0,500.0,20.0,[829],"[689, 980]",0.6666666666666666,140.0,00:00:17,17.740563817322254,0.010454074141026667,,,,,,,
Maaradji Runs,without_noise,log_56_1687182007,,,,,[974],"[999, 1336]",0.6666666666666666,25.0,00:00:23,23.227697422727942,0.008622010921576816,300.0,2.0,,,,,
Process Graph Metrics,without_noise,log_36_1687181970,0.005,200.0,500.0,,"[870, 1701, 2740]","[754, 1601, 2593]",1.0,121.0,00:01:01,61.763985780999064,0.016770020575888965,,,,,,,
Martjushev ADWIN J,without_noise,log_31_1687181960,0.4,400.0,400.0,50.0,"[1049, 1800, 2701, 3602]","[1043, 1868, 2070, 3338, 3677]",0.6666666666666665,49.666666666666664,00:01:12,72.97392910160124,0.01694309939670333,,,,,,,
Process Graph Metrics,without_noise,log_98_1687182076,0.1,300.0,500.0,,"[450, 1085, 1801]","[896, 1153]",0.4,68.0,00:00:01,1.6401107320562005,0.0009302953670199662,,,,,,,
LCDD,without_noise,log_72_1687182033,,,,,"[200, 622, 983, 1370]","[661, 974]",0.6666666666666666,24.0,00:00:00,0.03751046769320965,2.477573823857969e-05,,,200.0,200.0,50.0,,
Earth Mover's Distance,without_noise,log_69_1687182027,,,,,"[536, 1100, 1532, 2612, 3182]","[1354, 1741, 2389, 2676, 3199]",0.6,86.33333333333333,00:04:44,284.42478747759014,0.067335413702081,200.0,2.0,,,,,
Zheng DBSCAN,without_noise,log_18_1687181937,,,,,"[581.2857142857143, 786.0, 1175.9137931034484, 1459.0, 1596.2222222222222, 1834.5833333333333]","[1013, 1325]",0.5,148.45689655172418,00:00:01,1.4934223061427474,0.0007077830834799751,,,,,,500.0,50.0
Zheng DBSCAN,without_noise,log_18_1687181937,,,,,[1299.845238095238],"[1013, 1325]",0.6666666666666666,25.154761904761926,00:00:01,1.4934223061427474,0.0007077830834799751,,,,,,500.0,100.0
Zheng DBSCAN,without_noise,log_18_1687181937,,,,,[1112.4859813084113],"[1013, 1325]",0.6666666666666666,99.48598130841128,00:00:01,1.4934223061427474,0.0007077830834799751,,,,,,500.0,150.0
Zheng DBSCAN,without_noise,log_18_1687181937,,,,,[1112.4859813084113],"[1013, 1325]",0.6666666666666666,99.48598130841128,00:00:01,1.4934223061427474,0.0007077830834799751,,,,,,500.0,200.0
Zheng DBSCAN,without_noise,log_18_1687181937,,,,,[1112.4859813084113],"[1013, 1325]",0.6666666666666666,99.48598130841128,00:00:01,1.4934223061427474,0.0007077830834799751,,,,,,500.0,250.0
Process Graph Metrics,without_noise,log_82_1687182044,0.005,200.0,500.0,,[703],[642],1.0,61.0,00:00:11,11.398796231485903,0.00557125915517395,,,,,,,
Bose J,without_noise,log_62_1687182017,,,,,[536],[540],1.0,4.0,00:00:49,49.717792538926005,0.030996130011799256,300.0,2.0,,,,,
Bose WC,without_noise,log_62_1687182017,,,,,[554],[540],1.0,14.0,00:00:55,55.333542990498245,0.03449722131577197,300.0,2.0,,,,,
Process Graph Metrics,without_noise,log_100_1687182078,0.005,300.0,400.0,,[1215],[1133],1.0,82.0,00:00:02,2.397425727918744,0.0010107191095778854,,,,,,,
Earth Mover's Distance,without_noise,log_5_1687181922,,,,,"[380, 1254]","[689, 980]",,,00:01:04,64.33869769517332,0.03791319840611274,100.0,2.0,,,,,
Process Graph Metrics,without_noise,log_25_1687181949,0.05,200.0,500.0,,"[908, 1283, 1658]","[783, 1163]",0.8,122.5,00:00:06,6.580145295709372,0.003661739174017458,,,,,,,
Process Graph Metrics,without_noise,log_85_1687182048,0.005,100.0,400.0,,[1430],"[1308, 1543]",0.6666666666666666,113.0,00:01:23,83.50471314415336,0.03229107236819542,,,,,,,
Process Graph Metrics,without_noise,log_77_1687182038,0.1,300.0,400.0,,"[660, 2047, 3321]","[560, 1784, 3134]",0.6666666666666666,143.5,00:00:31,31.36964588239789,0.0069294556842054095,,,,,,,
LCDD,without_noise,log_83_1687182046,,,,,[],"[1171, 1687, 2573, 2813]",,,00:00:00,0.09679192025214434,2.6561997873804704e-05,,,200.0,200.0,50.0,,
Martjushev ADWIN J,without_noise,log_22_1687181941,0.4,100.0,500.0,50.0,"[1199, 1387, 2577, 3552, 3803]","[1159, 1512, 2578, 3506, 3838]",1.0,49.4,00:00:05,5.624131510965526,0.0011989195290909244,,,,,,,
Process Graph Metrics,without_noise,log_36_1687181970,0.0001,300.0,500.0,,"[891, 1673, 2774]","[754, 1601, 2593]",1.0,130.0,00:00:18,18.413271808996797,0.004999530765407764,,,,,,,
LCDD,without_noise,log_93_1687182065,,,,,"[760, 861, 961, 1061, 1770, 1875, 2012, 2112, 2886]","[761, 990, 1771, 2107, 2887, 3146]",0.6666666666666667,7.4,00:00:00,0.17474300973117352,4.054362174737205e-05,,,100.0,100.0,200.0,,
Martjushev ADWIN J,without_noise,log_46_1687181991,0.4,200.0,500.0,20.0,[],"[808, 1008, 2422, 3892]",,,00:00:52,52.08866569027305,0.011255113589082336,,,,,,,
Process Graph Metrics,without_noise,log_87_1687182053,0.05,300.0,400.0,,"[1424, 3629]","[1385, 2862, 3527, 3777]",0.6666666666666666,70.5,00:00:19,19.215352213941514,0.004200076986653883,,,,,,,
LCDD,without_noise,log_81_1687182043,,,,,[750],"[751, 1119]",0.6666666666666666,1.0,00:00:00,0.049421400763094425,2.6888683766645498e-05,,,100.0,100.0,150.0,,
Martjushev ADWIN J,without_noise,log_97_1687182074,0.4,100.0,400.0,20.0,"[1059, 2320, 3601]","[1151, 2334, 3469, 3787]",0.8571428571428571,79.33333333333333,00:00:29,29.498115341179073,0.005917375193817266,,,,,,,
Martjushev ADWIN J,without_noise,log_32_1687181966,0.4,200.0,500.0,20.0,[],"[1402, 1725]",,,00:00:14,14.084629428572953,0.0046576155517767705,,,,,,,
Martjushev ADWIN J,without_noise,log_100_1687182078,0.4,300.0,400.0,10.0,[1129],[1133],1.0,4.0,00:00:04,4.932090233080089,0.002079296051045569,,,,,,,
Martjushev ADWIN J,without_noise,log_82_1687182044,0.4,100.0,500.0,20.0,"[99, 640]",[642],0.6666666666666666,2.0,00:00:05,5.0897220792248845,0.0024876452000121623,,,,,,,
Process Graph Metrics,without_noise,log_66_1687182022,0.05,100.0,400.0,,"[150, 1062, 1612]","[846, 1221]",0.4,159.0,00:00:05,5.538146875798702,0.00320124096866977,,,,,,,
Martjushev J,without_noise,log_37_1687181973,0.55,,,,"[1012, 1513]",[1428],0.6666666666666666,85.0,00:02:24,144.09246776346117,0.06967720878310502,200.0,,,,,,
Martjushev ADWIN J,without_noise,log_12_1687181931,0.4,300.0,400.0,20.0,[],"[969, 1263]",,,00:00:01,1.412024088203907,0.0007955065285655815,,,,,,,
Process Graph Metrics,without_noise,log_96_1687182073,0.0001,200.0,400.0,,"[1891, 2741]","[805, 1076, 1645, 1910, 2579, 2949]",0.5,90.5,00:00:06,6.126265911385417,0.001485875797085961,,,,,,,
Process Graph Metrics,without_noise,log_31_1687181960,0.0001,300.0,400.0,,"[1084, 2048, 3160, 3683]","[1043, 1868, 2070, 3338, 3677]",0.888888888888889,61.75,00:01:05,65.02652795705944,0.015097870433494183,,,,,,,
Martjushev ADWIN J,without_noise,log_94_1687182067,0.4,200.0,400.0,20.0,"[559, 690, 1998, 3007, 3120]","[517, 868, 1998, 2959, 3215]",1.0,72.6,00:00:04,4.320254357531667,0.0010148589047525645,,,,,,,
Process Graph Metrics,without_noise,log_54_1687182005,0.0001,300.0,500.0,,"[3079, 4119]","[1171, 1523, 2987, 3886, 4123]",0.5714285714285715,48.0,00:00:11,11.71115821134299,0.0024286931172424284,,,,,,,
Process Graph Metrics,without_noise,log_80_1687182042,0.005,300.0,500.0,,[1003],[981],1.0,22.0,00:00:07,7.0650283712893724,0.003334133256861431,,,,,,,
LCDD,without_noise,log_48_1687181998,,,,,"[205, 405, 652, 1005, 1274, 1642, 1842, 2077, 2361, 2656, 2859, 3139, 3345, 3567, 3775, 4040, 4262]","[1144, 2359, 2666, 3482, 3756]",0.45454545454545453,49.2,00:00:00,0.08219612669199705,1.9151008082944328e-05,,,200.0,200.0,100.0,,
Process Graph Metrics,without_noise,log_21_1687181940,0.1,300.0,400.0,,[850],[668],1.0,182.0,00:00:03,3.134126258082688,0.0016996346301966854,,,,,,,
Zheng DBSCAN,without_noise,log_94_1687182067,,,,,"[866.0, 1998.5, 3212.5]","[517, 868, 1998, 2959, 3215]",0.7499999999999999,1.6666666666666667,00:00:00,0.2881842367351055,6.769655549332993e-05,,,,,,300.0,30.0
Zheng DBSCAN,without_noise,log_94_1687182067,,,,,"[866.0, 1998.5, 3212.5]","[517, 868, 1998, 2959, 3215]",0.7499999999999999,1.6666666666666667,00:00:00,0.2881842367351055,6.769655549332993e-05,,,,,,300.0,60.0
Zheng DBSCAN,without_noise,log_94_1687182067,,,,,"[866.0, 1998.5, 3212.5]","[517, 868, 1998, 2959, 3215]",0.7499999999999999,1.6666666666666667,00:00:00,0.2881842367351055,6.769655549332993e-05,,,,,,300.0,90.0
Zheng DBSCAN,without_noise,log_94_1687182067,,,,,"[866.0, 1998.5, 3212.5]","[517, 868, 1998, 2959, 3215]",0.7499999999999999,1.6666666666666667,00:00:00,0.2881842367351055,6.769655549332993e-05,,,,,,300.0,120.0
Zheng DBSCAN,without_noise,log_94_1687182067,,,,,"[866.0, 1998.5, 3212.5]","[517, 868, 1998, 2959, 3215]",0.7499999999999999,1.6666666666666667,00:00:00,0.2881842367351055,6.769655549332993e-05,,,,,,300.0,150.0
LCDD,without_noise,log_31_1687181960,,,,,"[487, 611, 742, 846, 948, 1053, 1329, 1429, 1639, 1739, 1842, 1958, 2068, 2180, 2336, 2438, 2542, 2678, 2790, 2890, 2991, 3098, 3224, 3325, 3436, 3556, 3656, 3756, 3911, 4031, 4131, 4272]","[1043, 1868, 2070, 3338, 3677]",0.2702702702702703,14.4,00:00:00,0.29817311000078917,6.922988391009732e-05,,,100.0,100.0,20.0,,
Martjushev ADWIN J,without_noise,log_89_1687182057,0.4,200.0,500.0,10.0,"[199, 790, 1949, 2482, 2743]","[1144, 1943, 2486]",0.5,5.0,00:00:06,6.3464364586398005,0.0019672772655424057,,,,,,,
Process Graph Metrics,without_noise,log_11_1687181931,0.0001,300.0,400.0,,[1070],[1012],1.0,58.0,00:00:01,1.348532005213201,0.0007955941033706201,,,,,,,
Martjushev ADWIN J,without_noise,log_5_1687181922,0.4,200.0,500.0,50.0,[849],"[689, 980]",0.6666666666666666,131.0,00:00:19,19.14509337116033,0.011281728562852285,,,,,,,
Process Graph Metrics,without_noise,log_16_1687181934,0.005,200.0,500.0,,"[1637, 2862]","[1218, 1793, 2771]",0.8,123.5,00:00:15,15.63143852725625,0.0038730026083390115,,,,,,,
Martjushev ADWIN J,without_noise,log_60_1687182015,0.4,400.0,400.0,20.0,[699],[694],1.0,5.0,00:00:25,25.808720853179693,0.012145280401496325,,,,,,,
Process Graph Metrics,without_noise,log_90_1687182058,0.05,200.0,400.0,,"[550, 700, 1240]",[652],0.5,48.0,00:00:00,0.9516114629805088,0.0005064456961045815,,,,,,,
Martjushev J,without_noise,log_34_1687181968,0.55,,,,[1098],"[1087, 1302]",0.6666666666666666,11.0,00:05:11,311.33189652115107,0.11704206636133499,300.0,,,,,,
LCDD,without_noise,log_38_1687181974,,,,,"[309, 648, 962, 1270, 1645, 1961, 2301]","[1060, 1266]",0.4444444444444445,51.0,00:00:00,0.11828163359314203,5.026843756614621e-05,,,300.0,300.0,100.0,,
Martjushev ADWIN J,without_noise,log_98_1687182076,0.4,400.0,400.0,20.0,[],"[896, 1153]",,,00:00:05,5.232640451751649,0.002968032020278871,,,,,,,
Martjushev ADWIN J,without_noise,log_31_1687181960,0.4,300.0,400.0,10.0,"[1049, 1800, 2611, 3347, 3903]","[1043, 1868, 2070, 3338, 3677]",0.6,27.666666666666668,00:01:34,94.50367930997163,0.021941880499180784,,,,,,,
Zheng DBSCAN,without_noise,log_38_1687181974,,,,,"[440.57142857142856, 557.5, 603.0, 655.6666666666666, 712.0, 828.7142857142857, 979.5, 1115.3333333333333, 1262.6666666666667, 1321.3333333333333, 1414.4285714285713, 1562.0, 1644.25, 1782.0, 1902.0, 1996.0, 2241.5, 2301.0]","[1060, 1266]",0.19999999999999998,29.333333333333258,00:00:00,0.8157469611614943,0.00034668379139885007,,,,,,400.0,40.0
Zheng DBSCAN,without_noise,log_38_1687181974,,,,,"[440.57142857142856, 1039.4259259259259, 1603.125, 1782.0, 1937.25, 2261.3333333333335]","[1060, 1266]",0.25,20.574074074074133,00:00:00,0.8157469611614943,0.00034668379139885007,,,,,,400.0,80.0
Zheng DBSCAN,without_noise,log_38_1687181974,,,,,"[977.7333333333333, 1920.0, 2261.3333333333335]","[1060, 1266]",0.4,82.26666666666665,00:00:00,0.8157469611614943,0.00034668379139885007,,,,,,400.0,120.0
Zheng DBSCAN,without_noise,log_38_1687181974,,,,,"[1078.6904761904761, 2261.3333333333335]","[1060, 1266]",0.5,18.690476190476147,00:00:00,0.8157469611614943,0.00034668379139885007,,,,,,400.0,160.0
Zheng DBSCAN,without_noise,log_38_1687181974,,,,,"[1078.6904761904761, 2261.3333333333335]","[1060, 1266]",0.5,18.690476190476147,00:00:00,0.8157469611614943,0.00034668379139885007,,,,,,400.0,200.0
Process Graph Metrics,without_noise,log_25_1687181949,0.1,200.0,400.0,,"[850, 1300, 1750]","[783, 1163]",0.8,102.0,00:00:02,2.6015651216730475,0.0014477268345425974,,,,,,,
LCDD,without_noise,log_43_1687181986,,,,,"[472, 780, 1088, 1441, 1877, 2300, 2607, 2999, 3553, 3869]","[979, 1204, 2415, 2632, 3669]",0.6666666666666666,114.2,00:00:00,0.24737090058624744,5.7608500369410214e-05,,,300.0,300.0,50.0,,
Martjushev J,without_noise,log_51_1687182003,0.55,,,,[],[882],,,00:03:36,216.69277269858867,0.09139298721998679,100.0,,,,,,
Martjushev J,without_noise,log_71_1687182031,0.55,,,,"[753, 1860, 3167, 3963]","[940, 1158, 1961, 2167, 3303, 3626]",0.6,141.33333333333334,00:05:59,359.42534375656396,0.0796775313138027,300.0,,,,,,
Martjushev ADWIN J,without_noise,log_74_1687182036,0.4,100.0,400.0,10.0,[],[839],,,00:00:07,7.613267590291798,0.005426420235418245,,,,,,,
Process Graph Metrics,without_noise,log_1_1687181916,0.1,200.0,400.0,,"[1370, 2438, 3220]","[1292, 2437, 3613]",0.6666666666666666,39.5,00:00:12,12.570358434692025,0.0026508558487330293,,,,,,,
Martjushev ADWIN J,without_noise,log_36_1687181970,0.4,300.0,400.0,20.0,"[679, 1560, 2521]","[754, 1601, 2593]",1.0,62.666666666666664,00:01:03,63.685924177989364,0.017291861031221656,,,,,,,
Martjushev J,without_noise,log_68_1687182024,0.55,,,,"[1939, 2993]","[896, 1272, 1818, 2030, 2923, 3240]",0.5,80.5,00:07:15,435.3134822594002,0.09637225642227146,200.0,,,,,,
LCDD,without_noise,log_87_1687182053,,,,,"[364, 752, 1299, 1740, 2208, 2555, 2863, 3337, 3645, 4069, 4402]","[1385, 2862, 3527, 3777]",0.5333333333333333,102.25,00:00:00,0.14476328529417515,3.1642248151732276e-05,,,300.0,300.0,50.0,,
Process Graph Metrics,without_noise,log_19_1687181938,0.1,100.0,400.0,,"[150, 815, 1208]",[771],0.5,44.0,00:00:01,1.0921241911128163,0.0007329692557804136,,,,,,,
Process Graph Metrics,without_noise,log_32_1687181966,0.005,300.0,400.0,,[],"[1402, 1725]",,,00:00:07,7.390565060079098,0.002443969927274834,,,,,,,
Process Graph Metrics,without_noise,log_11_1687181931,0.0001,200.0,400.0,,[1070],[1012],1.0,58.0,00:00:01,1.407278025522828,0.0008302525224323469,,,,,,,
LCDD,without_noise,log_5_1687181922,,,,,"[247, 495, 701, 901, 1128]","[689, 980]",0.5714285714285715,45.5,00:00:00,0.0728497514501214,4.292855123754944e-05,,,200.0,200.0,50.0,,
Process Graph Metrics,without_noise,log_24_1687181949,0.005,200.0,400.0,,[1112],"[994, 1238]",0.6666666666666666,118.0,00:00:01,1.892279714345932,0.0007864836717979768,,,,,,,
Martjushev ADWIN J,without_noise,log_77_1687182038,0.4,300.0,400.0,50.0,"[349, 1700, 3151, 4102]","[560, 1784, 3134]",0.5714285714285715,50.5,00:00:26,26.75072829052806,0.005909151378512936,,,,,,,
Zheng DBSCAN,without_noise,log_24_1687181949,,,,,"[993.0, 1195.0, 1237.0]","[994, 1238]",0.8,1.0,00:00:00,0.29919015150517225,0.0001243516839173617,,,,,,400.0,40.0
Zheng DBSCAN,without_noise,log_24_1687181949,,,,,"[993.0, 1216.0]","[994, 1238]",1.0,11.5,00:00:00,0.29919015150517225,0.0001243516839173617,,,,,,400.0,80.0
Zheng DBSCAN,without_noise,log_24_1687181949,,,,,"[993.0, 1216.0]","[994, 1238]",1.0,11.5,00:00:00,0.29919015150517225,0.0001243516839173617,,,,,,400.0,120.0
Zheng DBSCAN,without_noise,log_24_1687181949,,,,,"[993.0, 1216.0]","[994, 1238]",1.0,11.5,00:00:00,0.29919015150517225,0.0001243516839173617,,,,,,400.0,160.0
Zheng DBSCAN,without_noise,log_24_1687181949,,,,,"[993.0, 1216.0]","[994, 1238]",1.0,11.5,00:00:00,0.29919015150517225,0.0001243516839173617,,,,,,400.0,200.0
LCDD,without_noise,log_16_1687181934,,,,,"[1230, 1794, 2775]","[1218, 1793, 2771]",1.0,5.666666666666667,00:00:00,0.17299508955329657,4.286300534026179e-05,,,200.0,200.0,5.0,,
Martjushev ADWIN J,without_noise,log_82_1687182044,0.4,300.0,400.0,10.0,[656],[642],1.0,14.0,00:00:05,5.45669010002166,0.002667003958954868,,,,,,,
Martjushev ADWIN J,without_noise,log_73_1687182035,0.4,400.0,400.0,50.0,"[1499, 2450]","[1478, 2417, 2951, 3283]",0.6666666666666666,27.0,00:00:09,9.438962054438889,0.002120162186531646,,,,,,,
Process Graph Metrics,without_noise,log_88_1687182055,0.1,300.0,500.0,,"[1333, 1549, 2197, 3647]","[1401, 1950, 2206, 3218, 3462]",0.6666666666666665,87.33333333333333,00:00:05,5.72900883294642,0.0013457854904736716,,,,,,,
Process Graph Metrics,without_noise,log_1_1687181916,0.005,400.0,500.0,,"[1450, 2501, 3312, 3962]","[1292, 2437, 3613]",0.5714285714285715,111.0,00:00:40,40.53749018814415,0.008548606113062874,,,,,,,
Zheng DBSCAN,without_noise,log_22_1687181941,,,,,"[1158.0, 1203.0, 1510.0, 2576.6666666666665, 3514.25]","[1159, 1512, 2578, 3506, 3838]",0.8000000000000002,3.1458333333333712,00:00:00,0.4546887306496501,9.692788971427203e-05,,,,,,400.0,40.0
Zheng DBSCAN,without_noise,log_22_1687181941,,,,,"[1180.5, 1510.0, 2576.6666666666665, 3514.25]","[1159, 1512, 2578, 3506, 3838]",0.888888888888889,8.270833333333371,00:00:00,0.4546887306496501,9.692788971427203e-05,,,,,,400.0,80.0
Zheng DBSCAN,without_noise,log_22_1687181941,,,,,"[1180.5, 1510.0, 2576.6666666666665, 3514.25]","[1159, 1512, 2578, 3506, 3838]",0.888888888888889,8.270833333333371,00:00:00,0.4546887306496501,9.692788971427203e-05,,,,,,400.0,120.0
Zheng DBSCAN,without_noise,log_22_1687181941,,,,,"[1180.5, 1510.0, 2576.6666666666665, 3514.25]","[1159, 1512, 2578, 3506, 3838]",0.888888888888889,8.270833333333371,00:00:00,0.4546887306496501,9.692788971427203e-05,,,,,,400.0,160.0
Zheng DBSCAN,without_noise,log_22_1687181941,,,,,"[1180.5, 1510.0, 2576.6666666666665, 3514.25]","[1159, 1512, 2578, 3506, 3838]",0.888888888888889,8.270833333333371,00:00:00,0.4546887306496501,9.692788971427203e-05,,,,,,400.0,200.0
Bose J,without_noise,log_55_1687182006,,,,,[1340],"[1185, 1392]",0.6666666666666666,52.0,00:00:17,17.673354947008193,0.006422003977837279,300.0,2.0,,,,,
Bose WC,without_noise,log_55_1687182006,,,,,[1340],"[1185, 1392]",0.6666666666666666,52.0,00:00:16,16.765699432231486,0.006092187293688767,300.0,2.0,,,,,
Martjushev ADWIN J,without_noise,log_15_1687181933,0.4,300.0,500.0,20.0,"[1089, 1190]","[957, 1345]",1.0,143.5,00:00:03,3.6546420454978943,0.0013901263010642428,,,,,,,
LCDD,without_noise,log_55_1687182006,,,,,[1184],"[1185, 1392]",0.6666666666666666,1.0,00:00:00,0.05397685989737511,1.9613684555732233e-05,,,200.0,200.0,50.0,,
Zheng DBSCAN,without_noise,log_47_1687181994,,,,,"[423.5, 465.0, 545.0, 604.5, 836.0, 900.0, 1076.2, 1190.0, 1282.0, 1362.5, 1443.0, 1717.0, 2016.0, 2145.0, 2230.0]","[1076, 1388]",0.23529411764705882,12.850000000000023,00:00:02,2.5593968238681555,0.001020900208962168,,,,,,300.0,30.0
Zheng DBSCAN,without_noise,log_47_1687181994,,,,,"[437.3333333333333, 568.8, 836.0, 900.0, 1185.095238095238, 1717.0, 2016.0, 2145.0, 2230.0]","[1076, 1388]",0.1818181818181818,109.09523809523807,00:00:02,2.5593968238681555,0.001020900208962168,,,,,,300.0,60.0
Zheng DBSCAN,without_noise,log_47_1687181994,,,,,"[519.5, 868.0, 1185.095238095238, 1717.0, 2016.0, 2187.5]","[1076, 1388]",0.25,109.09523809523807,00:00:02,2.5593968238681555,0.001020900208962168,,,,,,300.0,90.0
Zheng DBSCAN,without_noise,log_47_1687181994,,,,,"[519.5, 868.0, 1185.095238095238, 1717.0, 2016.0, 2187.5]","[1076, 1388]",0.25,109.09523809523807,00:00:02,2.5593968238681555,0.001020900208962168,,,,,,300.0,120.0
Zheng DBSCAN,without_noise,log_47_1687181994,,,,,"[519.5, 1157.5217391304348, 1717.0, 2130.3333333333335]","[1076, 1388]",0.3333333333333333,81.52173913043475,00:00:02,2.5593968238681555,0.001020900208962168,,,,,,300.0,150.0
LCDD,without_noise,log_73_1687182035,,,,,"[113, 2416, 2676, 2807, 2907, 3049, 3181, 3281, 3474, 3652]","[1478, 2417, 2951, 3283]",0.4285714285714285,15.666666666666666,00:00:00,0.10897823050618172,2.4478488433553845e-05,,,100.0,100.0,20.0,,
Bose J,without_noise,log_17_1687181934,,,,,"[1006, 2652, 3898]","[975, 1309, 2437, 2652, 3899]",0.7499999999999999,10.666666666666666,00:03:44,224.85654083639383,0.04619074380369635,200.0,2.0,,,,,
Bose WC,without_noise,log_17_1687181934,,,,,"[2606, 3878]","[975, 1309, 2437, 2652, 3899]",0.5714285714285715,33.5,00:03:12,192.1376624526456,0.03946952803053525,200.0,2.0,,,,,
Zheng DBSCAN,without_noise,log_83_1687182046,,,,,"[1170.0, 1686.0, 2572.0, 2812.0]","[1171, 1687, 2573, 2813]",1.0,1.0,00:00:00,0.3806758662685752,0.0001044664836082808,,,,,,400.0,40.0
Zheng DBSCAN,without_noise,log_83_1687182046,,,,,"[1170.0, 1686.0, 2572.0, 2812.0]","[1171, 1687, 2573, 2813]",1.0,1.0,00:00:00,0.3806758662685752,0.0001044664836082808,,,,,,400.0,80.0
Zheng DBSCAN,without_noise,log_83_1687182046,,,,,"[1170.0, 1686.0, 2572.0, 2812.0]","[1171, 1687, 2573, 2813]",1.0,1.0,00:00:00,0.3806758662685752,0.0001044664836082808,,,,,,400.0,120.0
Zheng DBSCAN,without_noise,log_83_1687182046,,,,,"[1170.0, 1686.0, 2572.0, 2812.0]","[1171, 1687, 2573, 2813]",1.0,1.0,00:00:00,0.3806758662685752,0.0001044664836082808,,,,,,400.0,160.0
Zheng DBSCAN,without_noise,log_83_1687182046,,,,,"[1170.0, 1686.0, 2572.0, 2812.0]","[1171, 1687, 2573, 2813]",1.0,1.0,00:00:00,0.3806758662685752,0.0001044664836082808,,,,,,400.0,200.0
Process Graph Metrics,without_noise,log_44_1687181991,0.1,200.0,400.0,,"[586, 1105]",[1026],0.6666666666666666,79.0,00:00:01,1.5962971057742834,0.0009781232265773795,,,,,,,
Maaradji Runs,without_noise,log_53_1687182005,,,,,[1044],"[1024, 1283]",0.6666666666666666,20.0,00:00:02,2.2891524732112885,0.0009590081580273516,200.0,2.0,,,,,
Process Graph Metrics,without_noise,log_18_1687181937,0.005,400.0,400.0,,[1178],"[1013, 1325]",0.6666666666666666,147.0,00:00:02,2.886183613911271,0.00136785953265937,,,,,,,
Martjushev ADWIN J,without_noise,log_11_1687181931,0.4,100.0,500.0,20.0,[],[1012],,,00:00:03,3.6006615879014134,0.0021242841226557013,,,,,,,
Process Graph Metrics,without_noise,log_48_1687181998,0.005,200.0,500.0,,"[1150, 2525, 3608]","[1144, 2359, 2666, 3482, 3756]",0.7499999999999999,91.0,00:00:10,10.988100205548108,0.00256013518302612,,,,,,,
Martjushev ADWIN J,without_noise,log_90_1687182058,0.4,200.0,500.0,10.0,[],[652],,,00:00:08,8.067776606418192,0.004293654394049064,,,,,,,
Process Graph Metrics,without_noise,log_29_1687181956,0.005,200.0,400.0,,[742],"[516, 766]",0.6666666666666666,24.0,00:00:02,2.7928425800055265,0.0018471181084692635,,,,,,,
Martjushev ADWIN J,without_noise,log_7_1687181925,0.4,300.0,500.0,20.0,"[917, 1765, 1956]","[920, 1720, 2103, 3052, 3413]",0.7499999999999999,65.0,00:00:10,10.153664308600128,0.002137163609471717,,,,,,,
LCDD,without_noise,log_8_1687181927,,,,,"[200, 505, 779, 1405, 1639, 2268]","[778, 1133]",0.25,1.0,00:00:00,0.20346307381987572,8.943431816258273e-05,,,200.0,200.0,100.0,,
LCDD,without_noise,log_13_1687181932,,,,,[626],"[627, 835, 1407, 2856, 3239]",0.33333333333333337,1.0,00:00:00,0.12676262389868498,2.855014051772184e-05,,,200.0,200.0,20.0,,
Maaradji Runs,without_noise,log_3_1687181920,,,,,[],"[1041, 1298]",,,00:02:50,170.25654148496687,0.07506902181876847,150.0,2.0,,,,,
LCDD,without_noise,log_50_1687182000,,,,,"[305, 605, 1056, 1376, 1707, 2109, 2421, 2810, 3194, 3576, 3882, 4182, 4619, 4944]","[1406, 1636, 2269, 2506, 3766]",0.5263157894736842,92.4,00:00:00,0.3167990744113922,6.037718208717214e-05,,,300.0,300.0,50.0,,
Zheng DBSCAN,without_noise,log_87_1687182053,,,,,"[568.0, 651.0, 752.5, 794.5, 937.5, 1038.5, 1378.0, 1521.6666666666667, 1781.25, 1878.0, 2023.0, 2123.0, 2208.0, 2316.6666666666665, 2378.5, 2555.0, 2721.8, 2853.4285714285716, 2939.3333333333335, 3003.0, 3064.0, 3337.5, 3638.222222222222, 3853.0, 4060.0, 4166.666666666667, 4402.0, 4550.0]","[1385, 2862, 3527, 3777]",0.25,50.69841269841265,00:00:01,1.3400701563805342,0.0002929115095913736,,,,,,400.0,40.0
Zheng DBSCAN,without_noise,log_87_1687182053,,,,,"[568.0, 651.0, 773.5, 937.5, 1038.5, 1378.0, 1521.6666666666667, 1792.0, 2023.0, 2151.3333333333335, 2341.4, 2555.0, 2851.75, 3337.5, 3645.8928571428573, 4060.0, 4166.666666666667, 4402.0, 4550.0]","[1385, 2862, 3527, 3777]",0.34782608695652173,84.46428571428567,00:00:01,1.3400701563805342,0.0002929115095913736,,,,,,400.0,80.0
Zheng DBSCAN,without_noise,log_87_1687182053,,,,,"[718.8333333333334, 988.0, 1399.55, 1792.0, 2242.6666666666665, 2555.0, 2851.75, 3337.5, 3645.8928571428573, 4113.333333333333, 4402.0, 4550.0]","[1385, 2862, 3527, 3777]",0.5,86.35178571428565,00:00:01,1.3400701563805342,0.0002929115095913736,,,,,,400.0,120.0
Zheng DBSCAN,without_noise,log_87_1687182053,,,,,"[826.5, 1399.55, 2017.3333333333333, 2839.88, 3337.5, 3645.8928571428573, 4113.333333333333, 4476.0]","[1385, 2862, 3527, 3777]",0.6666666666666666,89.31928571428563,00:00:01,1.3400701563805342,0.0002929115095913736,,,,,,400.0,160.0
Zheng DBSCAN,without_noise,log_87_1687182053,,,,,"[826.5, 1399.55, 2495.5581395348836, 3706.6666666666665, 4476.0]","[1385, 2862, 3527, 3777]",0.4444444444444445,42.44166666666672,00:00:01,1.3400701563805342,0.0002929115095913736,,,,,,400.0,200.0
LCDD,without_noise,log_36_1687181970,,,,,"[210, 420, 678, 897, 1201, 1411, 1614, 1819, 2022, 2224, 2424, 2626, 2867, 3067, 3296, 3525]","[754, 1601, 2593]",0.3157894736842105,40.666666666666664,00:00:00,0.1721626864746213,4.674523119050266e-05,,,200.0,200.0,10.0,,
Martjushev ADWIN J,without_noise,log_97_1687182074,0.4,200.0,400.0,10.0,"[1059, 2320, 3601]","[1151, 2334, 3469, 3787]",0.8571428571428571,79.33333333333333,00:00:31,31.68316683266312,0.006355700467936433,,,,,,,
Process Graph Metrics,without_noise,log_91_1687182059,0.1,300.0,400.0,,"[550, 923, 1213, 1609, 2754, 3448, 3708, 4500, 5080]","[806, 1021, 2361, 2754, 3407, 3685]",0.6666666666666667,74.6,00:00:12,12.457299812696874,0.002422656517443966,,,,,,,
Process Graph Metrics,without_noise,log_13_1687181932,0.1,300.0,500.0,,"[716, 1501, 3041]","[627, 835, 1407, 2856, 3239]",0.7499999999999999,122.66666666666667,00:00:02,2.798142647370696,0.000630212307966373,,,,,,,
LCDD,without_noise,log_72_1687182033,,,,,"[160, 343, 464, 578, 684, 789, 906, 1006, 1118, 1370]","[661, 974]",0.33333333333333337,27.5,00:00:00,0.18886324018239975,0.00012474454437410817,,,100.0,100.0,10.0,,
Martjushev ADWIN J,without_noise,log_51_1687182003,0.4,100.0,500.0,50.0,[],[882],,,00:00:23,23.436883334070444,0.00988480950403646,,,,,,,
Martjushev ADWIN J,without_noise,log_57_1687182008,0.4,200.0,500.0,20.0,"[1254, 1397, 2436, 2582, 4226, 4334]","[1216, 1576, 2324, 2698, 4174, 4390]",1.0,92.16666666666667,00:00:13,13.498337673954666,0.002384022902499941,,,,,,,
Martjushev ADWIN J,without_noise,log_48_1687181998,0.4,200.0,400.0,10.0,"[999, 2310, 3561]","[1144, 2359, 2666, 3482, 3756]",0.7499999999999999,91.0,00:00:20,20.93457516748458,0.004877580421128747,,,,,,,
Process Graph Metrics,without_noise,log_55_1687182006,0.0001,100.0,500.0,,[],"[1185, 1392]",,,00:00:06,6.7924289386719465,0.0024681791201569573,,,,,,,
LCDD,without_noise,log_19_1687181938,,,,,"[238, 383, 772, 872, 996, 1118, 1249, 1397]",[771],0.2222222222222222,1.0,00:00:00,0.029862280003726482,2.0041798660219115e-05,,,100.0,100.0,150.0,,
Process Graph Metrics,without_noise,log_78_1687182040,0.1,400.0,500.0,,[809],[743],1.0,66.0,00:00:05,5.631106131710112,0.002518383779834576,,,,,,,
Earth Mover's Distance,without_noise,log_22_1687181941,,,,,"[1336, 2576, 3096, 3670]","[1159, 1512, 2578, 3506, 3838]",0.6666666666666665,114.0,00:00:00,0.7658798480406404,0.00016326579578781504,300.0,2.0,,,,,
Process Graph Metrics,without_noise,log_30_1687181956,0.05,200.0,500.0,,[1963],"[949, 1861, 2912]",0.5,102.0,00:00:06,6.432680085301399,0.001599373467255445,,,,,,,
LCDD,without_noise,log_84_1687182047,,,,,"[107, 216, 344, 449, 568, 672, 785, 889, 999, 1119, 1221, 1330, 1435, 1551, 1657, 1763, 1863, 1965, 2086, 2267, 2384, 2489]",[1338],0.08695652173913045,8.0,00:00:00,0.03690242301672697,1.4477215777452715e-05,,,100.0,100.0,50.0,,
Martjushev ADWIN J,without_noise,log_45_1687181991,0.4,100.0,500.0,50.0,[542],[546],1.0,4.0,00:00:01,1.64860475435853,0.0011998578998242578,,,,,,,
Martjushev ADWIN J,without_noise,log_89_1687182057,0.4,100.0,500.0,10.0,"[199, 790, 1949, 2482, 2703]","[1144, 1943, 2486]",0.5,5.0,00:00:07,7.131723114289343,0.002210701523338296,,,,,,,
Process Graph Metrics,without_noise,log_28_1687181955,0.05,300.0,500.0,,[1041],[983],1.0,58.0,00:00:05,5.441979685798287,0.0023847413171771636,,,,,,,
Process Graph Metrics,without_noise,log_84_1687182047,0.0001,300.0,400.0,,[],[1338],,,00:00:03,3.43674523383379,0.0013482719630575873,,,,,,,
Process Graph Metrics,without_noise,log_27_1687181952,0.0001,400.0,400.0,,"[826, 2001, 3423]","[605, 944, 1861, 2203, 3080, 3444]",0.6666666666666666,93.0,00:00:18,18.99994057416916,0.004551974263097547,,,,,,,
LCDD,without_noise,log_24_1687181949,,,,,"[993, 1293]","[994, 1238]",1.0,28.0,00:00:00,0.06223060376942158,2.586475634639301e-05,,,300.0,300.0,150.0,,
Martjushev ADWIN J,without_noise,log_1_1687181916,0.4,400.0,400.0,20.0,"[1199, 2510]","[1292, 2437, 3613]",0.8,83.0,00:01:15,75.71581484563649,0.01596706344277446,,,,,,,
Martjushev ADWIN J,without_noise,log_59_1687182010,0.4,300.0,400.0,50.0,"[599, 950, 1576, 2252, 3153]","[788, 1187, 2051, 3036, 3241]",0.4000000000000001,125.0,00:00:58,58.6378815388307,0.015175435180856806,,,,,,,
Martjushev ADWIN J,without_noise,log_35_1687181968,0.4,100.0,500.0,20.0,[],"[842, 1057, 2418, 2651, 3788, 4180]",,,00:00:16,16.074464274570346,0.002862771909985814,,,,,,,
LCDD,without_noise,log_22_1687181941,,,,,"[1158, 3506]","[1159, 1512, 2578, 3506, 3838]",0.5714285714285715,0.5,00:00:00,0.0701843248680234,1.4961484729913322e-05,,,200.0,200.0,5.0,,
Process Graph Metrics,without_noise,log_16_1687181934,0.1,400.0,500.0,,"[1240, 1904, 2858, 3506]","[1218, 1793, 2771]",0.8571428571428571,73.33333333333333,00:00:13,13.905394115485251,0.003445340464689111,,,,,,,
Martjushev J,without_noise,log_16_1687181934,0.55,,,,[],"[1218, 1793, 2771]",,,00:06:41,401.75595577061176,0.09954310103335276,300.0,,,,,,
LCDD,without_noise,log_1_1687181916,,,,,"[203, 1291, 2436, 2638, 2838, 3043]","[1292, 2437, 3613]",0.4444444444444444,1.0,00:00:00,0.3229090664535761,6.809554332635514e-05,,,200.0,200.0,20.0,,
Maaradji Runs,without_noise,log_53_1687182005,,,,,[1024],"[1024, 1283]",0.6666666666666666,0.0,00:00:02,2.2679498186334968,0.0009501256047899023,150.0,2.0,,,,,
Martjushev ADWIN J,without_noise,log_50_1687182000,0.4,400.0,500.0,20.0,[],"[1406, 1636, 2269, 2506, 3766]",,,00:01:12,72.56171216350049,0.013829180896417093,,,,,,,
Martjushev ADWIN J,without_noise,log_3_1687181920,0.4,200.0,400.0,20.0,[],"[1041, 1298]",,,00:00:37,37.806616470217705,0.01666958398157747,,,,,,,
Process Graph Metrics,without_noise,log_5_1687181922,0.005,100.0,500.0,,[922],"[689, 980]",0.6666666666666666,58.0,00:00:03,3.3715121494606137,0.001986748467566655,,,,,,,
Process Graph Metrics,without_noise,log_88_1687182055,0.0001,200.0,400.0,,"[1512, 3465]","[1401, 1950, 2206, 3218, 3462]",0.5714285714285715,57.0,00:00:08,8.712606163695455,0.0020466540201304804,,,,,,,
Process Graph Metrics,without_noise,log_28_1687181955,0.1,300.0,400.0,,[1043],[983],1.0,60.0,00:00:06,6.372369956225157,0.002792449586426449,,,,,,,
Martjushev ADWIN J,without_noise,log_11_1687181931,0.4,400.0,500.0,10.0,[],[1012],,,00:00:02,2.6288570556789637,0.0015509481154448164,,,,,,,
Zheng DBSCAN,without_noise,log_7_1687181925,,,,,"[918.5, 1719.0, 2102.0, 3051.0, 3412.0]","[920, 1720, 2103, 3052, 3413]",1.0,1.1,00:00:00,0.2776839779689908,5.8447480102923764e-05,,,,,,500.0,50.0
Zheng DBSCAN,without_noise,log_7_1687181925,,,,,"[918.5, 1719.0, 2102.0, 3051.0, 3412.0]","[920, 1720, 2103, 3052, 3413]",1.0,1.1,00:00:00,0.2776839779689908,5.8447480102923764e-05,,,,,,500.0,100.0
Zheng DBSCAN,without_noise,log_7_1687181925,,,,,"[918.5, 1719.0, 2102.0, 3051.0, 3412.0]","[920, 1720, 2103, 3052, 3413]",1.0,1.1,00:00:00,0.2776839779689908,5.8447480102923764e-05,,,,,,500.0,150.0
Zheng DBSCAN,without_noise,log_7_1687181925,,,,,"[918.5, 1719.0, 2102.0, 3051.0, 3412.0]","[920, 1720, 2103, 3052, 3413]",1.0,1.1,00:00:00,0.2776839779689908,5.8447480102923764e-05,,,,,,500.0,200.0
Zheng DBSCAN,without_noise,log_7_1687181925,,,,,"[918.5, 1719.0, 2102.0, 3051.0, 3412.0]","[920, 1720, 2103, 3052, 3413]",1.0,1.1,00:00:00,0.2776839779689908,5.8447480102923764e-05,,,,,,500.0,250.0
Martjushev ADWIN J,without_noise,log_61_1687182016,0.4,300.0,500.0,20.0,[],"[1128, 1415]",,,00:00:03,3.2077761720865965,0.0012481619346640454,,,,,,,
Martjushev ADWIN J,without_noise,log_24_1687181949,0.4,100.0,500.0,10.0,[],"[994, 1238]",,,00:00:06,6.252328152768314,0.002598640129995143,,,,,,,
LCDD,without_noise,log_51_1687182003,,,,,"[226, 485, 686, 892, 1159, 1371, 1580, 1782, 2010, 2290]",[882],0.18181818181818182,10.0,00:00:00,0.05421266332268715,2.286489385182925e-05,,,200.0,200.0,10.0,,
Earth Mover's Distance,without_noise,log_95_1687182068,,,,,"[346, 800, 1400, 2602, 4210, 4674]","[561, 936, 2338, 2712, 4212]",0.5454545454545454,82.66666666666667,00:13:32,812.8785843001679,0.14410185858893243,200.0,2.0,,,,,
Zheng DBSCAN,without_noise,log_39_1687181976,,,,,"[636.0, 705.0, 953.5, 1065.0, 1168.0, 1304.0, 1395.6666666666667, 1798.0, 1870.5, 1964.0, 2101.0, 2178.6666666666665, 2348.0, 2445.0, 2661.0, 2901.0, 3058.0, 3144.0, 3249.0, 3364.5, 3752.0, 3964.0]","[706, 972, 2184, 3059, 3368]",0.37037037037037035,5.866666666666697,00:00:03,3.5660358564928174,0.0008500681421913748,,,,,,600.0,60.0
Zheng DBSCAN,without_noise,log_39_1687181976,,,,,"[670.5, 1035.0, 1372.75, 1875.75, 2159.25, 2396.5, 2661.0, 2901.0, 3236.0, 3752.0, 3964.0]","[706, 972, 2184, 3059, 3368]",0.625,82.65,00:00:03,3.5660358564928174,0.0008500681421913748,,,,,,600.0,120.0
Zheng DBSCAN,without_noise,log_39_1687181976,,,,,"[1203.875, 2093.3, 2661.0, 3180.1666666666665, 3752.0, 3964.0]","[706, 972, 2184, 3059, 3368]",0.3636363636363636,105.93333333333317,00:00:03,3.5660358564928174,0.0008500681421913748,,,,,,600.0,180.0
Zheng DBSCAN,without_noise,log_39_1687181976,,,,,"[928.0, 2510.294117647059, 3858.0]","[706, 972, 2184, 3059, 3368]",0.25,44.0,00:00:03,3.5660358564928174,0.0008500681421913748,,,,,,600.0,240.0
Zheng DBSCAN,without_noise,log_39_1687181976,,,,,"[928.0, 2510.294117647059, 3858.0]","[706, 972, 2184, 3059, 3368]",0.25,44.0,00:00:03,3.5660358564928174,0.0008500681421913748,,,,,,600.0,300.0
Process Graph Metrics,without_noise,log_25_1687181949,0.005,100.0,500.0,,"[908, 1283, 1658]","[783, 1163]",0.8,122.5,00:00:06,6.477654621005058,0.0036047048530912958,,,,,,,
Process Graph Metrics,without_noise,log_81_1687182043,0.05,100.0,400.0,,[901],"[751, 1119]",0.6666666666666666,150.0,00:00:02,2.65400904789567,0.0014439657496712025,,,,,,,
LCDD,without_noise,log_9_1687181928,,,,,"[555, 755, 970, 1170, 1915, 2695]","[1135, 1916, 2696, 2989]",0.6,12.333333333333334,00:00:00,0.25338068790733814,5.648254300208162e-05,,,200.0,200.0,150.0,,
Process Graph Metrics,without_noise,log_43_1687181986,0.05,100.0,400.0,,"[664, 1127, 1841, 2553]","[979, 1204, 2415, 2632, 3669]",0.4444444444444445,78.0,00:00:19,19.995180466212332,0.004656539465815634,,,,,,,
Process Graph Metrics,without_noise,log_75_1687182036,0.1,400.0,400.0,,[1281],"[1099, 1445]",0.6666666666666666,164.0,00:00:02,2.8483061008155346,0.0012250778928238858,,,,,,,
Martjushev ADWIN J,without_noise,log_24_1687181949,0.4,400.0,400.0,50.0,[],"[994, 1238]",,,00:00:04,4.395275336690247,0.0018267977292976921,,,,,,,
LCDD,without_noise,log_59_1687182010,,,,,"[110, 220, 324, 426, 526, 630, 737, 844, 970, 1105, 1205, 2050, 2150, 2269, 2372, 2484, 2587, 2703, 2808, 2913, 3013, 3128, 3243]","[788, 1187, 2051, 3036, 3241]",0.3571428571428571,19.0,00:00:00,0.2806924181059003,7.264296534831788e-05,,,100.0,100.0,20.0,,
Process Graph Metrics,without_noise,log_70_1687182031,0.05,100.0,500.0,,"[548, 1284]",[608],0.6666666666666666,60.0,00:00:05,5.615148744545877,0.0038172323212412487,,,,,,,
Martjushev ADWIN J,without_noise,log_76_1687182037,0.4,100.0,400.0,10.0,[],"[1056, 1741, 2740]",,,00:00:11,11.534773831255734,0.003524220541171932,,,,,,,
Process Graph Metrics,without_noise,log_48_1687181998,0.05,300.0,500.0,,"[1145, 2520, 3603]","[1144, 2359, 2666, 3482, 3756]",0.7499999999999999,89.33333333333333,00:00:10,10.816762037575245,0.0025202148270212594,,,,,,,
Process Graph Metrics,without_noise,log_37_1687181973,0.05,300.0,400.0,,"[726, 1487, 2059]",[1428],0.5,59.0,00:00:14,14.699065306223929,0.007107865235117954,,,,,,,
LCDD,without_noise,log_63_1687182017,,,,,"[803, 1003, 1762, 2683, 2883]","[727, 968, 1760, 2588, 2871]",1.0,44.0,00:00:00,0.09481050074100494,2.2324111311750634e-05,,,200.0,200.0,50.0,,
Process Graph Metrics,without_noise,log_78_1687182040,0.05,400.0,400.0,,[788],[743],1.0,45.0,00:00:03,3.1740520680323243,0.001419522391785476,,,,,,,
Martjushev ADWIN J,without_noise,log_32_1687181966,0.4,400.0,400.0,10.0,[],"[1402, 1725]",,,00:00:17,17.300463060848415,0.00572105259948691,,,,,,,
Process Graph Metrics,without_noise,log_57_1687182008,0.005,300.0,400.0,,"[2677, 4327]","[1216, 1576, 2324, 2698, 4174, 4390]",0.5,42.0,00:00:13,13.141629165969789,0.002321022459549592,,,,,,,
Process Graph Metrics,without_noise,log_44_1687181991,0.005,300.0,500.0,,[1115],[1026],1.0,89.0,00:00:02,2.11271586548537,0.0012945562901258395,,,,,,,
Earth Mover's Distance,without_noise,log_45_1687181991,,,,,[548],[546],1.0,2.0,00:00:00,0.13857148494571447,0.00010085260913079656,200.0,2.0,,,,,
LCDD,without_noise,log_54_1687182005,,,,,[1170],"[1171, 1523, 2987, 3886, 4123]",0.33333333333333337,1.0,00:00:00,0.13178716972470284,2.7330396044110915e-05,,,100.0,100.0,20.0,,
Martjushev J,without_noise,log_52_1687182004,0.55,,,,[1210],"[1221, 1560]",0.6666666666666666,11.0,00:01:00,60.495862156152725,0.020555848507017575,300.0,,,,,,
Martjushev ADWIN J,without_noise,log_93_1687182065,0.4,300.0,500.0,10.0,[],"[761, 990, 1771, 2107, 2887, 3146]",,,00:00:45,45.48818876687437,0.010554104122244634,,,,,,,
Zheng DBSCAN,without_noise,log_88_1687182055,,,,,"[1400.0, 1949.0, 2205.0, 3217.0, 3461.0]","[1401, 1950, 2206, 3218, 3462]",1.0,1.0,00:00:00,0.3486445276066661,8.189911383760068e-05,,,,,,300.0,30.0
Zheng DBSCAN,without_noise,log_88_1687182055,,,,,"[1400.0, 1949.0, 2205.0, 3217.0, 3461.0]","[1401, 1950, 2206, 3218, 3462]",1.0,1.0,00:00:00,0.3486445276066661,8.189911383760068e-05,,,,,,300.0,60.0
Zheng DBSCAN,without_noise,log_88_1687182055,,,,,"[1400.0, 1949.0, 2205.0, 3217.0, 3461.0]","[1401, 1950, 2206, 3218, 3462]",1.0,1.0,00:00:00,0.3486445276066661,8.189911383760068e-05,,,,,,300.0,90.0
Zheng DBSCAN,without_noise,log_88_1687182055,,,,,"[1400.0, 1949.0, 2205.0, 3217.0, 3461.0]","[1401, 1950, 2206, 3218, 3462]",1.0,1.0,00:00:00,0.3486445276066661,8.189911383760068e-05,,,,,,300.0,120.0
Zheng DBSCAN,without_noise,log_88_1687182055,,,,,"[1400.0, 1949.0, 2205.0, 3217.0, 3461.0]","[1401, 1950, 2206, 3218, 3462]",1.0,1.0,00:00:00,0.3486445276066661,8.189911383760068e-05,,,,,,300.0,150.0
Process Graph Metrics,without_noise,log_72_1687182033,0.05,300.0,400.0,,"[712, 1024]","[661, 974]",1.0,50.5,00:00:01,1.848324779421091,0.0012208221792741685,,,,,,,
Martjushev ADWIN J,without_noise,log_51_1687182003,0.4,300.0,500.0,10.0,[],[882],,,00:00:37,37.7257544985041,0.015911326233025772,,,,,,,
Process Graph Metrics,without_noise,log_31_1687181960,0.1,200.0,400.0,,"[940, 1648, 2188, 2768, 2948, 3133, 3393, 3656, 4206, 4356]","[1043, 1868, 2070, 3338, 3677]",0.5333333333333333,74.25,00:00:40,40.798139087855816,0.00947251894308238,,,,,,,
LCDD,without_noise,log_85_1687182048,,,,,"[386, 863, 1180, 1541, 1841, 2215]","[1308, 1543]",0.5,65.0,00:00:00,0.2807661509141326,0.0001085715974145911,,,300.0,300.0,150.0,,
Process Graph Metrics,without_noise,log_2_1687181920,0.05,200.0,500.0,,[],[1011],,,00:00:01,1.4505740758031607,0.0009268843934844477,,,,,,,
Martjushev ADWIN J,without_noise,log_53_1687182005,0.4,300.0,400.0,50.0,[],"[1024, 1283]",,,00:00:05,5.937125528231263,0.0024872750432472822,,,,,,,
Martjushev ADWIN J,without_noise,log_59_1687182010,0.4,300.0,400.0,20.0,"[599, 950, 2031, 2347, 3098]","[788, 1187, 2051, 3036, 3241]",0.6,81.33333333333333,00:00:57,57.397018919698894,0.014854300962654993,,,,,,,
Zheng DBSCAN,without_noise,log_70_1687182031,,,,,[618.8571428571429],[608],1.0,10.85714285714289,00:00:00,0.22935166582465172,0.0001559154764273635,,,,,,500.0,50.0
Zheng DBSCAN,without_noise,log_70_1687182031,,,,,[618.8571428571429],[608],1.0,10.85714285714289,00:00:00,0.22935166582465172,0.0001559154764273635,,,,,,500.0,100.0
Zheng DBSCAN,without_noise,log_70_1687182031,,,,,[618.8571428571429],[608],1.0,10.85714285714289,00:00:00,0.22935166582465172,0.0001559154764273635,,,,,,500.0,150.0
Zheng DBSCAN,without_noise,log_70_1687182031,,,,,[618.8571428571429],[608],1.0,10.85714285714289,00:00:00,0.22935166582465172,0.0001559154764273635,,,,,,500.0,200.0
Zheng DBSCAN,without_noise,log_70_1687182031,,,,,[618.8571428571429],[608],1.0,10.85714285714289,00:00:00,0.22935166582465172,0.0001559154764273635,,,,,,500.0,250.0
Process Graph Metrics,without_noise,log_24_1687181949,0.0001,400.0,500.0,,[1210],"[994, 1238]",0.6666666666666666,28.0,00:00:04,4.8315828535705805,0.0020081391743851126,,,,,,,
LCDD,without_noise,log_45_1687181991,,,,,[545],[546],1.0,1.0,00:00:00,0.03664235211908817,2.6668378543732296e-05,,,100.0,100.0,20.0,,
Process Graph Metrics,without_noise,log_21_1687181940,0.05,100.0,500.0,,[760],[668],1.0,92.0,00:00:03,3.9016657127067447,0.002115870776955935,,,,,,,
Martjushev ADWIN J,without_noise,log_67_1687182023,0.4,200.0,500.0,10.0,[],"[933, 1145, 2289, 3129]",,,00:00:10,10.266102435067296,0.002309584349846411,,,,,,,
Martjushev ADWIN J,without_noise,log_77_1687182038,0.4,400.0,400.0,10.0,"[399, 1740, 2991]","[560, 1784, 3134]",1.0,116.0,00:00:16,16.78524529375136,0.0037078076637400838,,,,,,,
Process Graph Metrics,without_noise,log_6_1687181923,0.005,200.0,400.0,,"[1074, 3235]","[923, 1989, 3141]",0.8,122.5,00:00:17,17.560205860994756,0.003990049048169679,,,,,,,
Process Graph Metrics,without_noise,log_70_1687182031,0.1,100.0,500.0,,"[361, 673]",[608],0.6666666666666666,65.0,00:00:02,2.1062907613813877,0.0014318767922375172,,,,,,,
Process Graph Metrics,without_noise,log_75_1687182036,0.005,200.0,400.0,,[],"[1099, 1445]",,,00:00:11,11.719646912999451,0.0050407083496771836,,,,,,,
Process Graph Metrics,without_noise,log_70_1687182031,0.005,200.0,500.0,,[673],[608],1.0,65.0,00:00:03,3.013924957253039,0.0020488952802535953,,,,,,,
Zheng DBSCAN,without_noise,log_68_1687182024,,,,,"[536.0, 667.0, 990.625, 1255.0, 1477.0, 1542.0, 1706.0, 1831.6666666666667, 1965.6, 2302.0, 2482.3333333333335, 2693.5, 3031.25, 3205.0, 3457.0, 3757.0, 3855.0, 4100.0]","[896, 1272, 1818, 2030, 2923, 3240]",0.5,55.490277777777806,00:00:02,2.127806064672768,0.00047106620869443616,,,,,,500.0,50.0
Zheng DBSCAN,without_noise,log_68_1687182024,,,,,"[536.0, 667.0, 990.625, 1255.0, 1509.5, 1706.0, 1915.375, 2302.0, 2482.3333333333335, 2693.5, 3127.777777777778, 3457.0, 3806.0, 4100.0]","[896, 1272, 1818, 2030, 2923, 3240]",0.5,90.09444444444443,00:00:02,2.127806064672768,0.00047106620869443616,,,,,,500.0,100.0
Zheng DBSCAN,without_noise,log_68_1687182024,,,,,"[601.5, 1092.3076923076924, 1509.5, 1892.111111111111, 2437.25, 2693.5, 3127.777777777778, 3457.0, 3806.0, 4100.0]","[896, 1272, 1818, 2030, 2923, 3240]",0.37499999999999994,122.00854700854696,00:00:02,2.127806064672768,0.00047106620869443616,,,,,,500.0,150.0
Zheng DBSCAN,without_noise,log_68_1687182024,,,,,"[601.5, 1427.0, 2522.6666666666665, 3127.777777777778, 3457.0, 3806.0, 4100.0]","[896, 1272, 1818, 2030, 2923, 3240]",0.30769230769230765,133.6111111111111,00:00:02,2.127806064672768,0.00047106620869443616,,,,,,500.0,200.0
Zheng DBSCAN,without_noise,log_68_1687182024,,,,,"[1363.5, 2522.6666666666665, 3160.7, 3904.0]","[896, 1272, 1818, 2030, 2923, 3240]",0.4,85.40000000000009,00:00:02,2.127806064672768,0.00047106620869443616,,,,,,500.0,250.0
Martjushev ADWIN J,without_noise,log_34_1687181968,0.4,400.0,400.0,50.0,[],"[1087, 1302]",,,00:00:26,26.618825336918235,0.010007077194330163,,,,,,,
Martjushev ADWIN J,without_noise,log_11_1687181931,0.4,300.0,500.0,20.0,[],[1012],,,00:00:03,3.3204274494200945,0.0019589542474454835,,,,,,,
Process Graph Metrics,without_noise,log_40_1687181982,0.005,200.0,500.0,,"[1312, 2352, 4626]","[1205, 2115, 3442]",0.3333333333333333,107.0,00:00:02,2.849392756819725,0.0006339027267674583,,,,,,,
LCDD,without_noise,log_54_1687182005,,,,,[1170],"[1171, 1523, 2987, 3886, 4123]",0.33333333333333337,1.0,00:00:00,0.2685685008764267,5.5696495411950785e-05,,,100.0,100.0,50.0,,
Martjushev J,without_noise,log_63_1687182017,0.55,,,,[],"[727, 968, 1760, 2588, 2871]",,,00:06:07,367.0025083748624,0.08641452987399632,300.0,,,,,,
Process Graph Metrics,without_noise,log_48_1687181998,0.0001,200.0,400.0,,"[1205, 2545]","[1144, 2359, 2666, 3482, 3756]",0.5714285714285715,91.0,00:00:09,9.019041178748012,0.0021013609456542433,,,,,,,
Process Graph Metrics,without_noise,log_17_1687181934,0.05,300.0,500.0,,"[2614, 4064]","[975, 1309, 2437, 2652, 3899]",0.5714285714285715,101.5,00:00:17,17.820224326103926,0.0036606870020755803,,,,,,,
Process Graph Metrics,without_noise,log_98_1687182076,0.0001,300.0,400.0,,[1170],"[896, 1153]",0.6666666666666666,17.0,00:00:01,1.7216343395411968,0.0009765367779587049,,,,,,,
LCDD,without_noise,log_58_1687182010,,,,,[566],[566],1.0,0.0,00:00:00,0.02235478814691305,1.349926820465764e-05,,,300.0,300.0,150.0,,
LCDD,without_noise,log_93_1687182065,,,,,"[760, 960, 1160, 1770, 2012, 2212, 2886, 3086, 3286]","[761, 990, 1771, 2107, 2887, 3146]",0.8,31.333333333333332,00:00:00,0.26887853536754847,6.238481099015046e-05,,,200.0,200.0,5.0,,
Martjushev ADWIN J,without_noise,log_54_1687182005,0.4,300.0,400.0,20.0,"[1309, 2980, 3961]","[1171, 1523, 2987, 3886, 4123]",0.7499999999999999,73.33333333333333,00:00:08,8.72551746852696,0.001809522494509946,,,,,,,
Process Graph Metrics,without_noise,log_21_1687181940,0.05,400.0,400.0,,[850],[668],1.0,182.0,00:00:02,2.755182580091059,0.0014941337202229172,,,,,,,
Martjushev ADWIN J,without_noise,log_78_1687182040,0.4,200.0,400.0,10.0,[742],[743],1.0,1.0,00:00:03,3.640748705714941,0.001628241818298274,,,,,,,
Process Graph Metrics,without_noise,log_50_1687182000,0.05,300.0,400.0,,"[950, 1325, 1850, 3898]","[1406, 1636, 2269, 2506, 3766]",0.4444444444444445,106.5,00:00:16,16.159187398850918,0.0030797002856586464,,,,,,,
Process Graph Metrics,without_noise,log_22_1687181941,0.005,100.0,500.0,,[1279],"[1159, 1512, 2578, 3506, 3838]",0.33333333333333337,120.0,00:00:06,6.394900107756257,0.0013632274798030819,,,,,,,
Maaradji Runs,without_noise,log_13_1687181932,,,,,"[594, 1342, 2828]","[627, 835, 1407, 2856, 3239]",0.7499999999999999,42.0,00:00:01,1.285955049097538,0.00028962951556250855,200.0,2.0,,,,,
Process Graph Metrics,without_noise,log_31_1687181960,0.05,100.0,500.0,,"[180, 1053, 2103, 2499, 3049, 3525, 4241]","[1043, 1868, 2070, 3338, 3677]",0.5,65.0,00:00:28,28.648856658488512,0.006651696461223244,,,,,,,
Process Graph Metrics,without_noise,log_9_1687181928,0.005,400.0,500.0,,"[1220, 2032, 2982]","[1135, 1916, 2696, 2989]",0.8571428571428571,69.33333333333333,00:00:10,10.97588204126805,0.0024466968437958205,,,,,,,
Martjushev ADWIN J,without_noise,log_28_1687181955,0.4,300.0,500.0,10.0,[982],[983],1.0,1.0,00:00:04,4.637512067332864,0.0020322138770082665,,,,,,,
LCDD,without_noise,log_41_1687181983,,,,,[2385],"[601, 890, 2386, 2718, 3227, 3580]",0.2857142857142857,1.0,00:00:00,0.30663579143583775,6.404256295652418e-05,,,200.0,200.0,150.0,,
Maaradji Runs,without_noise,log_96_1687182073,,,,,[],"[805, 1076, 1645, 1910, 2579, 2949]",,,00:00:01,1.292625691741705,0.000313515811724886,50.0,2.0,,,,,
Process Graph Metrics,without_noise,log_8_1687181927,0.05,400.0,500.0,,"[718, 934, 1152]","[778, 1133]",0.8,39.5,00:00:02,2.9090919448062778,0.0012787217339807813,,,,,,,
Process Graph Metrics,without_noise,log_93_1687182065,0.005,400.0,500.0,,"[896, 1951, 3251]","[761, 990, 1771, 2107, 2887, 3146]",0.6666666666666666,118.33333333333333,00:00:06,6.645164063200355,0.0015418014067750242,,,,,,,
Zheng DBSCAN,without_noise,log_18_1687181937,,,,,"[488.6666666666667, 613.9, 780.3333333333334, 899.6666666666666, 1035.4444444444443, 1265.804347826087, 1602.1538461538462, 1801.3333333333333, 1914.0, 1985.5]","[1013, 1325]",0.33333333333333337,40.820048309178674,00:00:01,1.4938194574788213,0.0007079713068620006,,,,,,400.0,40.0
Zheng DBSCAN,without_noise,log_18_1687181937,,,,,"[516.9130434782609, 1292.0]","[1013, 1325]",0.5,33.0,00:00:01,1.4938194574788213,0.0007079713068620006,,,,,,400.0,80.0
Zheng DBSCAN,without_noise,log_18_1687181937,,,,,[1101.3893129770993],"[1013, 1325]",0.6666666666666666,88.38931297709928,00:00:01,1.4938194574788213,0.0007079713068620006,,,,,,400.0,120.0
Zheng DBSCAN,without_noise,log_18_1687181937,,,,,[1101.3893129770993],"[1013, 1325]",0.6666666666666666,88.38931297709928,00:00:01,1.4938194574788213,0.0007079713068620006,,,,,,400.0,160.0
Zheng DBSCAN,without_noise,log_18_1687181937,,,,,[1101.3893129770993],"[1013, 1325]",0.6666666666666666,88.38931297709928,00:00:01,1.4938194574788213,0.0007079713068620006,,,,,,400.0,200.0
Martjushev ADWIN J,without_noise,log_15_1687181933,0.4,100.0,400.0,10.0,"[1011, 1250]","[957, 1345]",1.0,74.5,00:00:04,4.8944026147946715,0.0018616974571299626,,,,,,,
Martjushev ADWIN J,without_noise,log_67_1687182023,0.4,300.0,400.0,10.0,[],"[933, 1145, 2289, 3129]",,,00:00:05,5.508684645406902,0.0012392991328249497,,,,,,,
Maaradji Runs,without_noise,log_67_1687182023,,,,,"[872, 2196, 3034]","[933, 1145, 2289, 3129]",0.8571428571428571,83.0,00:00:01,1.483228961005807,0.00033368480562560334,300.0,2.0,,,,,
Process Graph Metrics,without_noise,log_5_1687181922,0.0001,100.0,400.0,,[985],"[689, 980]",0.6666666666666666,5.0,00:00:13,13.557622661814094,0.007989170690520974,,,,,,,
Process Graph Metrics,without_noise,log_97_1687182074,0.05,100.0,400.0,,"[150, 1097, 2503, 3569]","[1151, 2334, 3469, 3787]",0.75,107.66666666666667,00:00:13,13.805217143148184,0.0027693514830788735,,,,,,,
Process Graph Metrics,without_noise,log_4_1687181921,0.05,300.0,400.0,,[],"[1313, 1543]",,,00:00:01,1.7466459469869733,0.0006628637369969538,,,,,,,
Zheng DBSCAN,without_noise,log_64_1687182018,,,,,[1358.3333333333333],[1359],1.0,0.6666666666667425,00:00:01,1.2896492313593626,0.0006533177463826558,,,,,,600.0,60.0
Zheng DBSCAN,without_noise,log_64_1687182018,,,,,[1358.3333333333333],[1359],1.0,0.6666666666667425,00:00:01,1.2896492313593626,0.0006533177463826558,,,,,,600.0,120.0
Zheng DBSCAN,without_noise,log_64_1687182018,,,,,[1358.3333333333333],[1359],1.0,0.6666666666667425,00:00:01,1.2896492313593626,0.0006533177463826558,,,,,,600.0,180.0
Zheng DBSCAN,without_noise,log_64_1687182018,,,,,[1358.3333333333333],[1359],1.0,0.6666666666667425,00:00:01,1.2896492313593626,0.0006533177463826558,,,,,,600.0,240.0
Zheng DBSCAN,without_noise,log_64_1687182018,,,,,[1358.3333333333333],[1359],1.0,0.6666666666667425,00:00:01,1.2896492313593626,0.0006533177463826558,,,,,,600.0,300.0
Process Graph Metrics,without_noise,log_45_1687181991,0.005,100.0,400.0,,[620],[546],1.0,74.0,00:00:03,3.7737659979611635,0.002746554583668969,,,,,,,
Martjushev ADWIN J,without_noise,log_59_1687182010,0.4,100.0,400.0,50.0,"[599, 900, 1201, 1602, 2065, 2329, 3105, 3306]","[788, 1187, 2051, 3036, 3241]",0.7692307692307693,54.8,00:01:06,66.15912361629307,0.01712192640173216,,,,,,,
Earth Mover's Distance,without_noise,log_80_1687182042,,,,,[980],[981],1.0,1.0,00:00:57,57.631840681657195,0.027197659594930246,100.0,2.0,,,,,
Martjushev ADWIN J,without_noise,log_75_1687182036,0.4,300.0,400.0,20.0,[],"[1099, 1445]",,,00:00:24,24.911844559013844,0.010714771853339288,,,,,,,
Maaradji Runs,without_noise,log_71_1687182031,,,,,"[960, 1984, 3302]","[940, 1158, 1961, 2167, 3303, 3626]",0.6666666666666666,14.666666666666666,00:01:37,97.47001267876476,0.021607185253550158,250.0,2.0,,,,,
Martjushev ADWIN J,without_noise,log_24_1687181949,0.4,200.0,500.0,10.0,[],"[994, 1238]",,,00:00:03,3.39899786002934,0.0014127173150579135,,,,,,,
LCDD,without_noise,log_26_1687181951,,,,,"[1393, 1693]","[1394, 1683]",1.0,5.5,00:00:00,0.10106835793703794,3.726709363460101e-05,,,300.0,300.0,100.0,,
Maaradji Runs,without_noise,log_65_1687182020,,,,,"[858, 1456, 2242]","[909, 1496, 2099, 2410]",0.8571428571428571,78.0,00:00:34,34.25130323879421,0.011196895468713372,300.0,2.0,,,,,
LCDD,without_noise,log_20_1687181939,,,,,"[2318, 2818]","[1383, 2319, 2819]",0.8,1.0,00:00:00,0.22918702475726604,5.828764617427926e-05,,,200.0,200.0,10.0,,
LCDD,without_noise,log_19_1687181938,,,,,"[238, 772, 1118]",[771],0.5,1.0,00:00:00,0.028950816951692104,1.9430078491068526e-05,,,200.0,200.0,5.0,,
Process Graph Metrics,without_noise,log_8_1687181927,0.05,300.0,400.0,,"[555, 705, 924, 1146, 1736, 1999]","[778, 1133]",0.5,43.0,00:00:04,4.1638809107244015,0.0018302773233953413,,,,,,,
Process Graph Metrics,without_noise,log_37_1687181973,0.1,400.0,400.0,,"[758, 1319, 1859]",[1428],0.5,109.0,00:00:07,7.00545125734061,0.0033875489638977804,,,,,,,
LCDD,without_noise,log_15_1687181933,,,,,[956],"[957, 1345]",0.6666666666666666,1.0,00:00:00,0.05366597045212984,2.0413073583921582e-05,,,300.0,300.0,200.0,,
Martjushev ADWIN J,without_noise,log_96_1687182073,0.4,300.0,500.0,50.0,"[811, 1700, 1838, 2777]","[805, 1076, 1645, 1910, 2579, 2949]",0.8,76.25,00:00:04,4.815594468265772,0.0011679831356453485,,,,,,,
Martjushev ADWIN J,without_noise,log_92_1687182064,0.4,200.0,500.0,20.0,[769],[1041],,,00:00:22,22.894904285669327,0.010207268963740227,,,,,,,
Process Graph Metrics,without_noise,log_32_1687181966,0.1,300.0,500.0,,[1707],"[1402, 1725]",0.6666666666666666,18.0,00:00:02,2.310366880148649,0.0007640102116893682,,,,,,,
Martjushev ADWIN J,without_noise,log_60_1687182015,0.4,100.0,400.0,10.0,[699],[694],1.0,5.0,00:00:30,30.765230936929584,0.014477755735025686,,,,,,,
LCDD,without_noise,log_93_1687182065,,,,,"[760, 960, 1160, 1770, 2012, 2212, 2886, 3086, 3286]","[761, 990, 1771, 2107, 2887, 3146]",0.8,31.333333333333332,00:00:00,0.08620168641209602,2.000039127890859e-05,,,200.0,200.0,50.0,,
Martjushev ADWIN J,without_noise,log_94_1687182067,0.4,100.0,400.0,20.0,"[559, 690, 1997, 3007, 3120]","[517, 868, 1998, 2959, 3215]",1.0,72.8,00:00:04,4.986045359633863,0.0011712580125989812,,,,,,,
Maaradji Runs,without_noise,log_10_1687181929,,,,,[],"[1446, 1821]",,,00:04:49,289.82597078569233,0.11246642250123878,100.0,2.0,,,,,
Process Graph Metrics,without_noise,log_8_1687181927,0.1,300.0,500.0,,"[716, 932, 1148, 1908]","[778, 1133]",0.6666666666666666,38.5,00:00:02,2.518329950980842,0.0011069582202113592,,,,,,,
LCDD,without_noise,log_58_1687182010,,,,,[566],[566],1.0,0.0,00:00:00,0.013842874206602573,8.359223554711698e-06,,,200.0,200.0,200.0,,
Process Graph Metrics,without_noise,log_11_1687181931,0.0001,200.0,500.0,,[1101],[1012],1.0,89.0,00:00:03,3.505299711599946,0.0020680234286725345,,,,,,,
Martjushev ADWIN J,without_noise,log_45_1687181991,0.4,200.0,400.0,20.0,[542],[546],1.0,4.0,00:00:01,1.9188750674948096,0.0013965611844940391,,,,,,,
LCDD,without_noise,log_61_1687182016,,,,,[],"[1128, 1415]",,,00:00:00,0.022808349691331387,8.874844237872134e-06,,,200.0,200.0,20.0,,
LCDD,without_noise,log_97_1687182074,,,,,"[1150, 2333, 3468]","[1151, 2334, 3469, 3787]",0.8571428571428571,1.0,00:00:00,0.17863425239920616,3.583435354046262e-05,,,100.0,100.0,150.0,,
Martjushev J,without_noise,log_92_1687182064,0.55,,,,"[299, 1049]",[1041],0.6666666666666666,8.0,00:02:37,157.37913719564676,0.07016457298067176,300.0,,,,,,
Process Graph Metrics,without_noise,log_10_1687181929,0.05,400.0,400.0,,"[603, 861, 1016, 1199, 1499, 1768, 2244, 2709]","[1446, 1821]",0.4,53.0,00:00:09,9.653633167035878,0.0037460741820084897,,,,,,,
LCDD,without_noise,log_8_1687181927,,,,,"[110, 342, 505, 657, 779, 905, 1029, 1129, 1405, 1509, 1639, 1769, 1873, 2268]","[778, 1133]",0.25,2.5,00:00:00,0.07173340022563934,3.153116493434696e-05,,,100.0,100.0,10.0,,
Process Graph Metrics,without_noise,log_4_1687181921,0.0001,400.0,400.0,,[],"[1313, 1543]",,,00:00:01,1.6382662327960134,0.0006217329156721113,,,,,,,
Maaradji Runs,without_noise,log_64_1687182018,,,,,[1308],[1359],1.0,51.0,00:31:05,1865.8729465212673,0.9452243903349885,200.0,2.0,,,,,
Martjushev ADWIN J,without_noise,log_53_1687182005,0.4,300.0,500.0,50.0,[],"[1024, 1283]",,,00:00:06,6.332697380334139,0.0026529942942329866,,,,,,,
Martjushev ADWIN J,without_noise,log_60_1687182015,0.4,300.0,500.0,20.0,[681],[694],1.0,13.0,00:00:23,23.014131918549538,0.010830179726376253,,,,,,,
LCDD,without_noise,log_61_1687182016,,,,,[],"[1128, 1415]",,,00:00:00,0.04341450985521078,1.68928053911326e-05,,,300.0,300.0,100.0,,
LCDD,without_noise,log_70_1687182031,,,,,[607],[608],1.0,1.0,00:00:00,0.03248907346278429,2.2086385766678646e-05,,,300.0,300.0,50.0,,
Process Graph Metrics,without_noise,log_6_1687181923,0.005,400.0,400.0,,"[1074, 3235]","[923, 1989, 3141]",0.8,122.5,00:00:15,15.689027125947177,0.003564877783673524,,,,,,,
Process Graph Metrics,without_noise,log_9_1687181928,0.1,100.0,400.0,,"[1182, 2122, 2995]","[1135, 1916, 2696, 2989]",0.5714285714285715,26.5,00:00:07,7.46735217794776,0.001664590320541186,,,,,,,
LCDD,without_noise,log_85_1687182048,,,,,"[268, 506, 863, 1077, 1307, 1541, 1743, 1943, 2197]","[1308, 1543]",0.3636363636363636,1.5,00:00:00,0.24988495279103518,9.662991213883804e-05,,,200.0,200.0,20.0,,
Bose J,without_noise,log_98_1687182076,,,,,[1074],"[896, 1153]",0.6666666666666666,79.0,00:00:57,57.50210614036769,0.032616055666686156,200.0,2.0,,,,,
Bose WC,without_noise,log_98_1687182076,,,,,[],"[896, 1153]",,,00:01:10,70.89759171567857,0.040214175675370716,200.0,2.0,,,,,
Martjushev ADWIN J,without_noise,log_70_1687182031,0.4,100.0,400.0,10.0,[],[608],,,00:00:12,12.269459878094494,0.008340897265869812,,,,,,,
Earth Mover's Distance,without_noise,log_63_1687182017,,,,,"[1732, 2706, 3780]","[727, 968, 1760, 2588, 2871]",0.5,73.0,00:00:08,8.89383945427835,0.002094146327826313,100.0,2.0,,,,,
Martjushev ADWIN J,without_noise,log_83_1687182046,0.4,200.0,400.0,20.0,"[1170, 1687, 2611, 2763]","[1171, 1687, 2573, 2813]",1.0,22.25,00:00:06,6.016846503131092,0.0016511653411446464,,,,,,,
Zheng DBSCAN,without_noise,log_35_1687181968,,,,,"[839.0, 919.0, 1042.0, 3787.0, 4137.0]","[842, 1057, 2418, 2651, 3788, 4180]",0.7272727272727272,15.5,00:00:00,0.8338017929345369,0.00014849542171585699,,,,,,600.0,60.0
Zheng DBSCAN,without_noise,log_35_1687181968,,,,,"[960.5, 3787.0, 4137.0]","[842, 1057, 2418, 2651, 3788, 4180]",0.6666666666666666,46.833333333333336,00:00:00,0.8338017929345369,0.00014849542171585699,,,,,,600.0,120.0
Zheng DBSCAN,without_noise,log_35_1687181968,,,,,"[960.5, 3787.0, 4137.0]","[842, 1057, 2418, 2651, 3788, 4180]",0.6666666666666666,46.833333333333336,00:00:00,0.8338017929345369,0.00014849542171585699,,,,,,600.0,180.0
Zheng DBSCAN,without_noise,log_35_1687181968,,,,,"[960.5, 3787.0, 4137.0]","[842, 1057, 2418, 2651, 3788, 4180]",0.6666666666666666,46.833333333333336,00:00:00,0.8338017929345369,0.00014849542171585699,,,,,,600.0,240.0
Zheng DBSCAN,without_noise,log_35_1687181968,,,,,"[960.5, 3787.0, 4137.0]","[842, 1057, 2418, 2651, 3788, 4180]",0.6666666666666666,46.833333333333336,00:00:00,0.8338017929345369,0.00014849542171585699,,,,,,600.0,300.0
Earth Mover's Distance,without_noise,log_54_1687182005,,,,,"[1312, 2454, 2986, 4020]","[1171, 1523, 2987, 3886, 4123]",0.6666666666666665,81.66666666666667,00:00:00,0.9364704554900527,0.00019420789205517477,300.0,2.0,,,,,
Process Graph Metrics,without_noise,log_36_1687181970,0.1,200.0,500.0,,"[383, 858, 1860, 2698, 3414]","[754, 1601, 2593]",0.5,104.5,00:00:37,37.976021721959114,0.010311165278837664,,,,,,,
Martjushev ADWIN J,without_noise,log_26_1687181951,0.4,300.0,400.0,50.0,"[299, 1450]","[1394, 1683]",0.5,56.0,00:00:10,10.125733136199415,0.003733677410103029,,,,,,,
Process Graph Metrics,without_noise,log_58_1687182010,0.05,300.0,400.0,,[659],[566],1.0,93.0,00:00:03,3.3108535585924983,0.001999307704464069,,,,,,,
Process Graph Metrics,without_noise,log_7_1687181925,0.05,400.0,500.0,,"[972, 2061, 3257]","[920, 1720, 2103, 3052, 3413]",0.7499999999999999,83.33333333333333,00:00:08,8.596822845749557,0.0018094764987896352,,,,,,,
Process Graph Metrics,without_noise,log_84_1687182047,0.005,300.0,400.0,,"[1416, 1998]",[1338],0.6666666666666666,78.0,00:00:01,1.6592855332419276,0.0006509554857755699,,,,,,,
Martjushev ADWIN J,without_noise,log_23_1687181942,0.4,100.0,500.0,20.0,"[809, 2641, 4046]","[859, 1255, 2629, 4001, 4377]",0.7499999999999999,35.666666666666664,00:01:59,119.31915500108153,0.02151833273238621,,,,,,,
Martjushev ADWIN J,without_noise,log_87_1687182053,0.4,100.0,500.0,10.0,"[99, 630, 1376, 1762, 2943, 3574]","[1385, 2862, 3527, 3777]",0.6,45.666666666666664,00:00:39,39.10293328948319,0.008547089243602883,,,,,,,
Process Graph Metrics,without_noise,log_13_1687181932,0.0001,200.0,500.0,,"[1508, 3048]","[627, 835, 1407, 2856, 3239]",0.5714285714285715,146.0,00:00:12,12.72560026217252,0.002866126185173991,,,,,,,
Process Graph Metrics,without_noise,log_68_1687182024,0.0001,300.0,400.0,,"[453, 1033, 2039, 3218]","[896, 1272, 1818, 2030, 2923, 3240]",0.6,56.0,00:00:19,19.39128460921347,0.004292956521853768,,,,,,,
Martjushev ADWIN J,without_noise,log_83_1687182046,0.4,300.0,400.0,50.0,"[1170, 1687, 2607, 2739]","[1171, 1687, 2573, 2813]",1.0,27.25,00:00:05,5.65430255420506,0.0015516746855667013,,,,,,,
Martjushev ADWIN J,without_noise,log_24_1687181949,0.4,400.0,500.0,10.0,[],"[994, 1238]",,,00:00:05,5.213728815317154,0.002166969582426082,,,,,,,
LCDD,without_noise,log_64_1687182018,,,,,[1360],[1359],1.0,1.0,00:00:00,0.29971279483288527,0.00015183018988494695,,,300.0,300.0,50.0,,
Earth Mover's Distance,without_noise,log_14_1687181933,,,,,[1178],[1179],1.0,1.0,00:00:00,0.215406677685678,0.0001151907367303091,300.0,2.0,,,,,
Process Graph Metrics,without_noise,log_57_1687182008,0.1,200.0,400.0,,"[2745, 4320]","[1216, 1576, 2324, 2698, 4174, 4390]",0.5,58.5,00:00:15,15.595761981792748,0.0027544616711043354,,,,,,,
Earth Mover's Distance,without_noise,log_59_1687182010,,,,,"[898, 1586, 2050, 3128]","[788, 1187, 2051, 3036, 3241]",0.6666666666666665,67.66666666666667,00:25:24,1524.8168083289638,0.39462132720728876,300.0,2.0,,,,,
Process Graph Metrics,without_noise,log_26_1687181951,0.005,400.0,400.0,,[1512],"[1394, 1683]",0.6666666666666666,118.0,00:00:03,3.1755349673330784,0.0011709199732054124,,,,,,,
Bose J,without_noise,log_32_1687181966,,,,,[1450],"[1402, 1725]",0.6666666666666666,48.0,00:01:24,84.71107128169388,0.02801292039738554,200.0,2.0,,,,,
Bose WC,without_noise,log_32_1687181966,,,,,[],"[1402, 1725]",,,00:01:20,80.77506536245346,0.026711331138377467,200.0,2.0,,,,,
Maaradji Runs,without_noise,log_100_1687182078,,,,,"[372, 1128]",[1133],0.6666666666666666,5.0,00:00:01,1.0979357482865453,0.00046287341833328217,50.0,2.0,,,,,
Maaradji Runs,without_noise,log_43_1687181986,,,,,[3662],"[979, 1204, 2415, 2632, 3669]",0.33333333333333337,7.0,00:05:50,350.90328129939735,0.08171944138318522,50.0,2.0,,,,,
Maaradji Runs,without_noise,log_76_1687182037,,,,,"[960, 1644, 2644]","[1056, 1741, 2740]",1.0,96.33333333333333,00:00:01,1.7103227907791734,0.000522555084258837,300.0,2.0,,,,,
Maaradji Runs,without_noise,log_77_1687182038,,,,,"[490, 1728, 3068]","[560, 1784, 3134]",1.0,64.0,00:00:16,16.319049323908985,0.003604826446633308,250.0,2.0,,,,,
Process Graph Metrics,without_noise,log_28_1687181955,0.005,200.0,500.0,,[1052],[983],1.0,69.0,00:00:05,5.441626764833927,0.002384586662942124,,,,,,,
Martjushev ADWIN J,without_noise,log_15_1687181933,0.4,400.0,500.0,10.0,"[1024, 1250]","[957, 1345]",1.0,81.0,00:00:03,3.5456695463508368,0.0013486761302209346,,,,,,,
Process Graph Metrics,without_noise,log_59_1687182010,0.005,300.0,400.0,,"[1070, 2130, 3200]","[788, 1187, 2051, 3036, 3241]",0.7499999999999999,79.0,00:01:07,67.74837264884263,0.017533222735207722,,,,,,,
LCDD,without_noise,log_47_1687181994,,,,,"[549, 1035, 1335, 1635, 2016]","[1076, 1388]",0.5714285714285715,47.0,00:00:00,0.1803575623780489,7.194158850341e-05,,,300.0,300.0,150.0,,
LCDD,without_noise,log_18_1687181937,,,,,"[311, 618, 969, 1269, 1574, 1902]","[1013, 1325]",0.5,50.0,00:00:00,0.06124667730182409,2.9026861280485353e-05,,,300.0,300.0,20.0,,
Maaradji Runs,without_noise,log_47_1687181994,,,,,[1130],"[1076, 1388]",0.6666666666666666,54.0,00:26:03,1563.4520000657067,0.6236346230816541,150.0,2.0,,,,,
LCDD,without_noise,log_97_1687182074,,,,,"[1150, 2333, 3468, 3668, 3868]","[1151, 2334, 3469, 3787]",0.888888888888889,21.0,00:00:00,0.2992356922477484,6.002722010987931e-05,,,200.0,200.0,200.0,,
Process Graph Metrics,without_noise,log_6_1687181923,0.1,300.0,400.0,,"[560, 1033, 2060, 3310]","[923, 1989, 3141]",0.8571428571428571,116.66666666666667,00:00:20,20.268639042042196,0.004605462177242035,,,,,,,
Maaradji Runs,without_noise,log_27_1687181952,,,,,"[644, 1830, 3086]","[605, 944, 1861, 2203, 3080, 3444]",0.6666666666666666,25.333333333333332,00:01:57,117.3987035555765,0.028126186764632608,300.0,2.0,,,,,
Martjushev ADWIN J,without_noise,log_14_1687181933,0.4,300.0,500.0,20.0,[1177],[1179],1.0,2.0,00:00:01,1.759385982528329,0.0009408481189991063,,,,,,,
Process Graph Metrics,without_noise,log_2_1687181920,0.0001,100.0,500.0,,[],[1011],,,00:00:01,1.468202299438417,0.0009381484341459533,,,,,,,
Martjushev ADWIN J,without_noise,log_91_1687182059,0.4,100.0,500.0,20.0,[],"[806, 1021, 2361, 2754, 3407, 3685]",,,00:02:09,129.5823733927682,0.025200772732938196,,,,,,,
LCDD,without_noise,log_53_1687182005,,,,,"[1025, 1560]","[1024, 1283]",0.5,1.0,00:00:00,0.029042132198810577,1.2166791872145194e-05,,,300.0,300.0,150.0,,
Martjushev J,without_noise,log_87_1687182053,0.55,,,,"[301, 1132, 1734, 2591, 3340, 3940]","[1385, 2862, 3527, 3777]",0.4,175.0,00:05:19,319.66821957565844,0.06987283487992534,300.0,,,,,,
Process Graph Metrics,without_noise,log_14_1687181933,0.1,100.0,400.0,,[1222],[1179],1.0,43.0,00:00:02,2.374573935754597,0.0012698256340933675,,,,,,,
LCDD,without_noise,log_87_1687182053,,,,,"[364, 565, 794, 1028, 1299, 1514, 1740, 1991, 2208, 2555, 2821, 3022, 3234, 3437, 3645, 3852, 4069, 4292, 4550]","[1385, 2862, 3527, 3777]",0.34782608695652173,73.0,00:00:00,0.07010037358850241,1.532248603027375e-05,,,200.0,200.0,200.0,,
LCDD,without_noise,log_21_1687181940,,,,,"[292, 533, 779, 996, 1228, 1564]",[668],0.2857142857142857,111.0,00:00:00,0.20728490594774485,0.00011241046960289851,,,200.0,200.0,150.0,,
Martjushev ADWIN J,without_noise,log_71_1687182031,0.4,300.0,500.0,10.0,"[949, 3200]","[940, 1158, 1961, 2167, 3303, 3626]",0.5,56.0,00:00:32,32.39390269853175,0.007181091265469241,,,,,,,
Process Graph Metrics,without_noise,log_6_1687181923,0.0001,100.0,500.0,,"[1086, 2082]","[923, 1989, 3141]",0.8,128.0,00:00:13,13.27547102700919,0.0030164669454690275,,,,,,,
Martjushev ADWIN J,without_noise,log_7_1687181925,0.4,300.0,500.0,50.0,"[920, 1787, 1976]","[920, 1720, 2103, 3052, 3413]",0.7499999999999999,64.66666666666667,00:00:08,8.987914486788213,0.0018917942510604533,,,,,,,
Martjushev J,without_noise,log_14_1687181933,0.55,,,,[1177],[1179],1.0,2.0,00:00:18,18.158411513082683,0.00971038048827951,200.0,,,,,,
Process Graph Metrics,without_noise,log_45_1687181991,0.1,400.0,400.0,,[606],[546],1.0,60.0,00:00:00,0.655252343043685,0.00047689399057036753,,,,,,,
Martjushev ADWIN J,without_noise,log_93_1687182065,0.4,300.0,400.0,10.0,[],"[761, 990, 1771, 2107, 2887, 3146]",,,00:00:40,40.72209350671619,0.009448281556082643,,,,,,,
Martjushev ADWIN J,without_noise,log_6_1687181923,0.4,200.0,500.0,50.0,[],"[923, 1989, 3141]",,,00:00:31,31.78530789539218,0.007222292182547644,,,,,,,
Maaradji Runs,without_noise,log_59_1687182010,,,,,"[2050, 3122]","[788, 1187, 2051, 3036, 3241]",0.5714285714285715,43.5,00:10:43,643.9256592923775,0.1666474273530998,150.0,2.0,,,,,
LCDD,without_noise,log_50_1687182000,,,,,"[298, 507, 607, 718, 818, 1056, 1170, 1337, 1437, 1585, 1707, 1834, 1966, 2107, 2207, 2309, 2421, 2545, 2702, 2810, 2911, 3026, 3193, 3337, 3463, 3573, 3731, 3855, 3955, 4063, 4182, 4319, 4424, 4558, 4658, 4762, 4943, 5056, 5196]","[1406, 1636, 2269, 2506, 3766]",0.22727272727272727,39.2,00:00:00,0.19099966995418072,3.6401690481071224e-05,,,100.0,100.0,100.0,,
LCDD,without_noise,log_67_1687182023,,,,,"[935, 3128]","[933, 1145, 2289, 3129]",0.6666666666666666,1.5,00:00:00,0.08787619788199663,1.9769673314284956e-05,,,200.0,200.0,20.0,,
Process Graph Metrics,without_noise,log_70_1687182031,0.0001,200.0,500.0,,[728],[608],1.0,120.0,00:00:05,5.6643669847399,0.00385069135604344,,,,,,,
Martjushev J,without_noise,log_41_1687181983,0.55,,,,"[635, 779, 2385, 2685, 3262, 3512]","[601, 890, 2386, 2718, 3227, 3580]",1.0,47.0,00:01:53,113.30846925638616,0.023665093829654586,200.0,,,,,,
Martjushev ADWIN J,without_noise,log_80_1687182042,0.4,300.0,500.0,50.0,[],[981],,,00:00:27,27.468215175904334,0.012962819809298884,,,,,,,
Process Graph Metrics,without_noise,log_61_1687182016,0.05,300.0,500.0,,[1440],"[1128, 1415]",0.6666666666666666,25.0,00:00:02,2.8528861766681075,0.0011100724422833104,,,,,,,
LCDD,without_noise,log_69_1687182027,,,,,[1353],"[1354, 1741, 2389, 2676, 3199]",0.33333333333333337,1.0,00:00:00,0.24559070635586977,5.814173919409796e-05,,,100.0,100.0,50.0,,
Martjushev ADWIN J,without_noise,log_55_1687182006,0.4,400.0,400.0,20.0,"[299, 1200]","[1185, 1392]",0.5,15.0,00:00:02,2.0999086191877723,0.0007630481901118359,,,,,,,
Process Graph Metrics,without_noise,log_54_1687182005,0.05,400.0,400.0,,"[1340, 4062]","[1171, 1523, 2987, 3886, 4123]",0.5714285714285715,115.0,00:00:02,2.9702696409076452,0.0006159829201384581,,,,,,,
Process Graph Metrics,without_noise,log_90_1687182058,0.05,200.0,500.0,,[695],[652],1.0,43.0,00:00:04,4.264277675189078,0.0022694399548637985,,,,,,,
Maaradji Runs,without_noise,log_26_1687181951,,,,,[],"[1394, 1683]",,,00:00:12,12.295353628695011,0.004533684966332969,50.0,2.0,,,,,
Process Graph Metrics,without_noise,log_82_1687182044,0.1,400.0,400.0,,[692],[642],1.0,50.0,00:00:07,7.437892523594201,0.003635333589244477,,,,,,,
Bose J,without_noise,log_15_1687181933,,,,,"[1136, 1164]","[957, 1345]",1.0,180.0,00:00:21,21.294957535341382,0.008100021884876905,300.0,2.0,,,,,
Bose WC,without_noise,log_15_1687181933,,,,,[1150],"[957, 1345]",0.6666666666666666,193.0,00:00:18,18.42603573296219,0.007008762165447772,300.0,2.0,,,,,
Process Graph Metrics,without_noise,log_75_1687182036,0.1,100.0,400.0,,[1281],"[1099, 1445]",0.6666666666666666,164.0,00:00:03,3.0388143323361874,0.001307016917133844,,,,,,,
Process Graph Metrics,without_noise,log_81_1687182043,0.005,400.0,500.0,,[876],"[751, 1119]",0.6666666666666666,125.0,00:00:07,7.580226020887494,0.004124170849231498,,,,,,,
